2198 3522
375 264 479 299 1033.
505 262 606 298 1034.
1071 261 1283 297 Sacrificia.
1877 259 1912 294 II
1928 260 1965 295 3.

323 419 352 446 a
378 403 612 459 Νύμφηισιν
652 403 884 444 κάπόλλωνι
924 401 1226 458 ΝυμφηγέτηιῙ
1270 401 1376 456 θῆλυ
1421 400 1490 442 καὶ
1536 399 1666 456 ἄρσιεν
1710 400 1801 454 ἃμ2
1848 399 1967 455 βόληι

377 473 646 528 προσέρὸενΒ,
679 472 777 514 ὅϊν4
807 472 851 513 οὐ
884 471 1001 525 θέμις
1033 469 1126 512 οὐδὲ
1157 470 1309 526 χοῖρον.
1329 469 1334 524 Ι
1354 471 1398 510 οὐ
1430 469 1738 514 παιωνίξεται5.

329 545 352 584 l]
377 540 551 597 Χάρισιν
585 541 680 596 αἶγα
711 542 826 597 θέμις
858 539 950 581 οὐδὲ
981 542 1132 596 χοῖρον.

428 653 444 684 1
475 650 578 684 Idem
613 659 827 694 cognomen
861 647 967 682 Sami
993 646 1101 681 SGDI
1123 645 1213 680 5707
1242 642 1453 684 Ἀπόλλωνος
1478 645 1730 692 Νυμφηγέτεω.
1779 643 1965 690 Νυμφέων.

423 710 449 742 2
475 707 534 742 Le.
562 707 583 741 ἃ
608 707 667 751 ἅμ.
807 707 831 739 3
856 704 909 739 De
933 705 1008 739 hac
1033 713 1146 738 omne
1172 712 1292 747 genus
1315 702 1555 737 victimarum
1582 702 1809 738 admittendi
1831 701 1968 736 libera-

375 765 483 800 litate
510 765 555 799 ct'.
578 763 771 798 n.10042⁷.
889 764 915 795 4
941 760 1002 795 Sic
1026 760 1194 804 plerique
1221 759 1395 794 editores.
1435 760 1563 794 Becht.
1591 762 1642 795 οἷν
1667 760 1861 805 praetulit,
1885 769 1967 793 mo-

376 833 474 858 nens
494 822 593 866 apud
610 819 914 864 iambographos,
929 817 993 862 qui
1011 816 1296 851 accuratissime
1314 805 1649 861 repraesentarent
1665 816 1874 863 quotidiani
1891 827 1967 851 ser-

376 879 502 915 monis
529 878 629 922 apud
645 878 759 912 Ionas
782 874 1109 917 consuetudinem,
1137 879 1169 909 οἰ·
1186 874 1300 918 volgo
1318 873 1494 909 contrahi
1511 867 1733 921 (τρισοιζυρήν
1751 873 1966 909 Archiloch.

377 937 419 972 fr.
438 937 516 979 129,
544 936 675 980 οἰζυρόν
693 933 885 968 Semonid.
905 933 937 977 7,
954 932 1023 975 50),
1048 931 1170 966 rarius
1195 931 1366 966 distineri
1390 932 1492 974 (ὀϊζὺς
1510 931 1647 966 Archil.
1664 931 1729 974 52).
1769 931 1818 966 At
1835 932 1966 966 nescio

379 1006 429 1030 an
452 993 491 1028 in
515 993 589 1027 hac
615 1002 654 1026 re
678 990 842 1035 aliquam
861 989 936 1024 vim
955 989 1100 1024 habeat
1119 992 1300 1023 accentus
1318 988 1529 1023 discrimen.
1558 987 1658 1023 Dttb.
1753 991 1778 1023 5
1806 988 1967 1024 Carmen

379 1051 479 1097 quod
510 1052 607 1085 inter
637 1047 864 1083 sacrificium
899 1047 1048 1082 canitur
1078 1048 1229 1090 proprie
1256 1046 1472 1090 appellatur
1496 1047 1597 1079 παιάν
1622 1046 1763 1089 (παίων).
1813 1045 1969 1090 Stengel

379 1110 438 1144 Gr.
457 1107 655 1142 Kultusalt.
674 1105 752 1140 103.
794 1105 939 1139 Rarum
965 1107 1047 1139 erat
1072 1106 1111 1138 et
1126 1103 1386 1146 memorabile,
1413 1102 1445 1138 si
1462 1103 1615 1148 quando
1634 1113 1746 1138 sacra
1763 1102 1967 1147 quaepiam

378 1167 452 1200 hoc
478 1166 595 1199 cantu
621 1163 816 1198 carebant.
859 1162 912 1197 Cf.
931 1162 1068 1196 Athen.
1085 1161 1131 1196 IV
1151 1160 1218 1195 139
1233 1160 1256 1195 d
1282 1160 1508 1205 Πολυκράτης
1532 1188 1571 1194 --
1598 1161 1631 1193 ἐν
1655 1164 1729 1198 τοῖς
1752 1160 1968 1198 Λακωνικοῖς

379 1225 516 1269 ἱστορεῖ,
547 1222 597 1256 ὅτι
625 1223 688 1268 τὴν
716 1222 777 1266 μὲν
801 1227 868 1253 τῶν
885 1217 1088 1254 Ὑακινθίων
1115 1219 1232 1252 θυσίαν
1260 1219 1292 1252 οἱ
1315 1218 1481 1256 Λάκωνες
1507 1217 1562 1251 ἐπὶ
1585 1222 1676 1263 τρεῖς
1700 1217 1831 1264 ἡμέρας
1857 1229 1969 1252 συντε-

377 1281 475 1315 λοῦσι
504 1281 562 1314 καὶ
593 1279 646 1313 διὰ
676 1279 715 1312 τὸ
748 1278 873 1316 πένθος
897 1278 935 1311 τὸ
960 1279 1142 1323 γενόμενον
1169 1276 1244 1321 περὶ
1267 1277 1324 1309 τὸν
1342 1273 1520 1310 Ὑάκινθον
1547 1273 1623 1309 οὔτε
1650 1279 1890 1319 στεφανοῦνται
1916 1276 1970 1309 ἐπὶ

368 1342 449 1376 ’τοῖς
479 1338 624 1375 δείπνοις
656 1335 733 1370 οὔτε
764 1335 864 1381 ἄρτον
898 1334 1114 1380 εἰσφέρουσιν
1148 1331 1224 1368 οὔτε
1256 1332 1345 1368 ἀλλα
1375 1334 1537 1378 πέμματα
1567 1333 1624 1366 καὶ
1653 1333 1695 1366 τὰ
1724 1331 1857 1370 τούτοις
1889 1333 1970 1367 ἀκό-

377 1395 489 1430 λουθα
522 1395 652 1428 διδόασι
683 1395 741 1428 καὶ
772 1394 828 1427 τὸν
859 1391 907 1430 εἰς
939 1393 995 1426 τὸν
1028 1391 1105 1426 θεὸν
1131 1394 1257 1424 παιᾶνα
1291 1391 1353 1425 οὐκ
1386 1388 1524 1436 ᾅδουσιν
1551 1386 1617 1424 οὐδ’
1644 1389 1729 1424 ἄλλο
1759 1402 1791 1423 τι
1819 1393 1968 1424 τοιοῦτον

378 1454 477 1487 οὐδὲν
500 1452 658 1497 καθάπερ
684 1452 718 1484 ἐν
742 1455 817 1487 ταῖς
842 1449 962 1486 ἄλλαις
987 1449 1119 1486 θυσίαις
1144 1453 1307 1482 ποιοῦσιν.

469 1573 606 1617 1034.
639 1578 887 1613 Donarium
908 1575 1187 1611 Arcadicum
1210 1584 1330 1611 saec.
1346 1573 1489 1625 VIsV.
1533 1575 1758 1619 Cymbalum
1777 1575 1968 1609 aheneum

381 1637 481 1682 quod
505 1637 677 1672 Athenas
709 1646 729 1669 e
754 1634 908 1678 regione
934 1632 1008 1667 vici
1031 1633 1181 1668 Berekla
1206 1632 1398 1676 (Melpeae)
1425 1633 1646 1676 pervenisse
1670 1633 1828 1667 videtur.
1877 1632 1970 1667 Edd.

381 1692 827 1731 Oeconomides'Etoizm
841 1691 984 1735 Λοκρῶν
1002 1692 1184 1735 γράμματα.
1195 1689 1389 1732 1869,129;
1411 1690 1598 1724 Fraenkel
1613 1690 1811 1735 Arcb.Ztg.
1822 1689 1970 1725 XXXIV

381 1752 483 1794 1876,
509 1752 552 1786 31
586 1754 623 1785 et
653 1750 730 1784 tab.
751 1748 780 1784 V
807 1748 939 1791 (Roehl
967 1746 1047 1782 IGA
1072 1747 1157 1790 3243
1193 1746 1303 1782 SGDI
1326 1747 1411 1790 3733
1446 1748 1487 1783 O.
1506 1748 1711 1782 Hoffmann
1748 1746 1807 1782 Gr.
1827 1747 1922 1782 Dial.
1939 1747 1970 1782 II

379 1811 435 1850 52,
458 1810 521 1852 813
555 1807 694 1844 Michel
717 1806 822 1849 10803
858 1805 966 1849 Sym
988 1804 1085 1846 625,
1120 1803 1165 1838 de
1191 1804 1332 1839 Ridder
1358 1804 1436 1839 Cat.
1455 1804 1617 1839 bronzes
1642 1804 1743 1840 1894.
1769 1804 1837 1839 664
1862 1804 1920 1846 (IG
1938 1804 1970 1839 V

379 1869 412 1910 2,
431 1868 528 1910 554);
555 1866 597 1901 R.
616 1865 771 1900 Meister
794 1864 852 1898 Gr.
867 1862 960 1897 Dial.
979 1862 994 1895 I
1011 1862 1092 1904 2973
1119 1861 1314 1896 Kirchhoff
1336 1862 1459 1896 Stud.4
1476 1861 1561 1905 148;
1588 1861 1829 1896 Chatzidakis
1846 1859 1972 1906 Ἀθηνᾶ

380 1925 442 1960 VII
466 1924 567 1961 1895.
593 1923 655 1965 87;
695 1922 777 1956 Ath.
803 1922 895 1956 Mitt.
919 1919 1001 1954 XIX
1028 1919 1128 1962 1894,
1155 1918 1242 1962 5283
1281 1919 1511 1954 Studniczka
1542 1919 1630 1953 ibid.
1656 1918 1740 1953 XXI
1765 1918 1866 1962 1896,
1892 1918 1974 1953 240.

379 1982 482 2017 XXX
506 1981 607 2024 1905,
633 1980 695 2023 663
722 1978 908 2015 Fraenkel
933 1977 1021 2011 ibid.
1040 1976 1118 2011 440.
1851 1976 1925 2020 [Hi]

381 2057 502 2113 Καμὸ
535 2056 737 2098 ὀνέῦυσεῙ
771 2058 836 2096 τᾶι
870 2052 1089 2109 Ko'pfmz

473 2172 704 2207 Litteratura
737 2169 895 2213 antiqua
928 2168 1061 2203 Ffflkv.
1111 2166 1180 2211 Qui
1213 2166 1473 2202 Thessalicum
1505 2167 1656 2201 titulum
1691 2166 1972 2209 existimabant,

382 2229 545 2264 lectione
572 2231 609 2262 et
633 2226 944 2270 interpretatione
970 2235 1092 2268 prava
1112 2224 1339 2259 nitebantur.
1380 2225 1499 2259 Immo
1519 2235 1596 2259 non
1615 2224 1692 2258 iam
1711 2226 1768 2258 est
1786 2234 1851 2258 cur
1868 2223 1975 2258 testi-

382 2287 512 2321 monio
548 2286 594 2320 de
627 2295 715 2319 aere
746 2294 793 2318 ex
818 2283 1085 2325 Peloponneso
1118 2281 1236 2316 allato
1264 2282 1491 2317 diffidamus.
1637 2284 1653 2316 1
1684 2281 1846 2315 Verbum
1873 2281 1974 2325 quod

382 2344 673 2389 postulaverant
699 2341 750 2377 St.
774 2342 811 2375 et
835 2340 1102 2383 Thurneyssen
1129 2339 1299 2382 donario,
1327 2340 1428 2384 quod
1453 2341 1491 2374 et
1513 2339 1638 2383 ipsum
1658 2338 1829 2382 Melpeae
1855 2338 1974 2372 fuisse

381 2401 551 2435 videtur:
585 2400 741 2436 Φαυλέας
772 2398 916 2432 ἀνέθυσε
945 2401 999 2430 τοῖ
1024 2396 1110 2431 Πανί
1138 2396 1240 2438 (IGV
1257 2397 1290 2441 2,
1307 2398 1396 2441 5553,
1431 2396 1721 2441 comprobatum
1749 2397 1817 2429 est.
1867 2395 1974 2429 Adde

385 2457 487 2503 quod
512 2467 636 2492 sermo
662 2454 871 2491 Arcadicus
897 2468 913 2488 ο
939 2464 1007 2498 pro
1035 2469 1055 2488 α
1082 2454 1210 2496 (ἔνδικα
1229 2472 1270 2484 =
1290 2456 1432 2490 ἀνάδικα
1458 2453 1689 2489 Orchomeni
1713 2452 1761 2487 IG
1777 2451 1806 2486 V
1823 2452 1855 2495 2,
1872 2452 1972 2494 3432)

385 2518 422 2550 et
451 2529 469 2549 υ
501 2525 570 2559 pro
605 2528 622 2548 0
655 2515 744 2558 (ἀπὺ,
776 2513 872 2557 ἄλλο,
907 2514 1193 2557 ἐ[πανορ]9ιώσατυ
1226 2523 1263 2547 n.
1282 2512 1382 2554 3063)
1418 2511 1581 2555 exhibet,
1611 2512 1654 2545 uf.
1678 2511 1715 2544 ὐν
1733 2525 1775 2539 =
1795 2511 1831 2544 ὂν
1852 2526 1892 2539 =
1910 2510 1974 2544 ἀνα

383 2571 549 2617 positum
591 2581 669 2605 non
712 2571 759 2605 ab
802 2570 905 2605 omni
940 2571 1211 2615 probabilitate
1249 2570 1465 2605 abhorreat.
1521 2568 1728 2602 Donarium
1764 2567 1887 2611 ipsum
1925 2567 1976 2601 ad

383 2630 539 2674 nuptias
557 2629 637 2672 (Fr.)
663 2628 793 2662 referri
818 2631 956 2672 potest.
998 2629 1146 2663 Etenim
1174 2627 1391 2672 cymbalum
1413 2628 1457 2660 ut
1483 2625 1559 2661 alia
1581 2625 1796 2669 puellarum
1813 2623 1975 2658 ludibria

383 2690 463 2722 tum
491 2697 514 2721 a
533 2686 651 2722 Camo
678 2685 853 2720 dedicata
879 2696 973 2729 esse,
1000 2686 1076 2721 suis
1092 2696 1183 2720 vero
1209 2683 1450 2727 sacrificium,
1477 2683 1576 2728 quod
1601 2681 1790 2716 lustrandi
1806 2681 1883 2716 vim
1906 2681 1974 2716 ha-

384 2745 510 2779 buisse
535 2743 574 2778 in
590 2743 726 2788 volgus
751 2745 883 2777 notum
911 2745 978 2787 est,
1003 2744 1092 2778 item
1119 2742 1207 2777 huic
1231 2740 1426 2777 occasioni
1450 2739 1891 2775 accommodatissimum
1917 2740 1975 2773 est

385 2802 443 2844 (cf.
462 2800 618 2843 11.9831g
643 2802 709 2835 ἀπὸ
735 2801 946 2845 παρθενείας)
974 2803 1010 2835 et
1036 2800 1283 2835 confirmatur
1306 2797 1523 2834 testimonio
1542 2797 1725 2832 Varronis
1751 2796 1796 2831 de
1820 2806 1862 2830 re
1883 2798 1974 2830 rust.

384 2859 464 2899 114,
482 2859 504 2893 9
533 2858 752 2903 nuptiarum
783 2858 893 2892 initio
925 2859 1073 2903 antiqui
1095 2870 1193 2903 reyes
1218 2870 1261 2892 ac
1284 2856 1455 2892 sublimes
1479 2855 1556 2890 viri
1578 2855 1620 2889 in
1645 2854 1801 2889 Etruria
1824 2853 1868 2888 in
1891 2864 1974 2888 eon-

385 2917 570 2952 iunetz'one
593 2916 759 2961 nuptiali
779 2927 873 2950 ποτα
896 2920 1012 2960 ‘nupta
1037 2920 1067 2950 et
1090 2927 1203 2950 νοτυς
1227 2915 1385 2950 maritus
1405 2913 1575 2958 primum
1597 2923 1748 2957 porcum
1768 2911 1974 2945 immolant.

385 2974 511 3009 Prisci
533 2985 668 3018 quoque
683 2972 823 3016 Latini,
849 2973 960 3007 etiam
983 2973 1115 3008 Graeci
1137 2973 1180 3007 in
1204 2972 1315 3007 Italia
1339 2971 1436 3005 idem
1456 2970 1641 3014 factitasse
1657 2969 1835 3004 videntur.
1874 2967 1973 3002 Nam

387 3087 470 3130 188
