2198 3522
137 372 165 399 a

143 694 165 728 5

193 218 272 254 954.
750 218 856 254 Fasti
880 217 1199 254 Tauromenitani,
1704 226 1720 260 1
1734 226 1770 261 5,

196 357 270 400 ἐπὶ
300 355 653 410 Ἀπολλοδώρου
697 358 776 396 τοῦ
804 353 1211 412 ἈπολλοδώρουΙ·
1258 357 1481 414 Ἀρτεμ[ι-

194 426 359 479 σίου2],
380 423 500 481 Ιπρ3.
536 423 728 470 Λυκίσκος
759 424 957 466 Λυκίσκου
988 423 1134 466 Ἀσιν4.

128 507 131 510 “
194 496 289 550 ἱερο
302 509 352 547 μν
364 493 509 546 αμόνο
521 492 593 538 ις5
610 491 747 539 ἔσοδος
763 490 766 548 Ι
781 491 1081 549 τεσσαράκοντα
1097 495 1229 550 λίτραι
1246 493 1345 537 ἑπτὰ
1364 497 1478 551 ὀγδο-

303 557 452 610 ήκοντα
485 556 702 597 ὀκτακόσια
732 554 966 612 τάλανταθΙ
1566 564 1633 599 887
1649 567 1673 599 t.
1690 566 1769 601 401.

247 624 378 670 ἔξοδος
408 622 707 679 τεσσαράκοντα
727 624 869 680 λίτραι,
908 625 1022 667 ἐννέα
1043 625 1339 682 τεσσαράκοντα
1368 641 1478 683 τρια·
1526 633 1635 668 -349
1649 636 1673 668 t.
1690 634 1770 669 401.

302 689 419 728 κόσια
436 685 444 743 Ι
461 686 636 728 τάλαντα

246 755 383 798 λοιπὸν
416 756 518 797 ὀκτὼ
550 755 763 812 τριάκοντα
792 758 1035 799 πεντακόσια
1067 756 1318 815 τάλαντα7.Ῑ
1565 765 1634 800 538
1647 767 1670 800 t.

187 858 269 882 rum
301 857 448 892 quoque
482 846 614 882 civitas
646 847 681 881 ei
713 847 899 890 permissa
931 850 991 882 est
1022 848 1184 890 (Diodor.
1208 848 1322 883 XXIII
1345 849 1376 891 4,
1404 849 1447 893 1),
1478 851 1709 886 recentiores
1736 854 1773 886 et

188 905 341 940 colonia
360 905 536 939 Romana
553 904 641 938 illuc
660 904 823 939 deducta
842 915 874 939 a.
893 905 937 939 21
957 916 989 939 a.
1006 905 1090 940 Chr.
1117 905 1282 948 (Cassius
1300 905 1367 940 Dio
1386 906 1460 941 LIV
1478 907 1510 950 7,
1528 907 1547 941 1
1566 928 1611 933 ——
1630 919 1773 943 annum

186 963 232 997 36
257 961 435 1006 praetulit
460 961 619 1004 Willers)
646 962 878 1006 antiquiores
903 961 1046 997 iudicat
1071 962 1206 1005 Borm.,
1239 965 1341 997 recte
1373 963 1455 998 sine
1482 964 1606 999 dubio.
1655 965 1709 1000 Ac
1734 966 1774 1000 ni

187 1020 300 1065 plane
328 1019 491 1054 fallimur
517 1029 603 1053 cum
629 1018 800 1053 rationes
828 1019 1119 1064 magistratuum
1146 1023 1224 1055 tum
1243 1032 1423 1065 magnam
1448 1025 1595 1066 partem
1613 1022 1773 1066 reliqua-

186 1088 268 1112 rum
294 1076 504 1111 litterarum
530 1077 694 1111 saeculis
720 1077 829 1111 alteri
855 1079 1007 1112 exeunti
1034 1080 1070 1112 et
1095 1077 1214 1122 primo
1235 1089 1267 1112 a.
1288 1078 1372 1114 Chr.
1392 1090 1427 1113 n.
1452 1078 1649 1114 vindicant
1673 1080 1773 1114 litte-

185 1145 312 1170 rarum
338 1134 495 1178 formae,
522 1133 724 1178 praecipue
754 1138 778 1169 Z
807 1137 844 1169 et
870 1137 895 1170 Ξ
922 1134 979 1177 (cf.
998 1146 1032 1169 n.
1053 1134 1120 1169 708
1138 1145 1224 1170 cum
1243 1135 1353 1178 adn.).
1396 1136 1505 1171 Nova
1527 1137 1658 1172 tabula
1675 1138 1773 1172 inter

187 1203 310 1227 annos
320 1191 375 1235 70,
390 1202 463 1236 quo
479 1192 675 1226 foederata
690 1194 772 1226 erat
785 1191 920 1227 civitas
929 1193 1255 1228 Tauromenitana
1273 1193 1358 1236 (Cic.
1369 1193 1408 1228 in
1419 1194 1642 1229 Verr.11113.
1662 1194 1691 1230 V
1703 1195 1770 1239 56),

186 1250 254 1284 sed
273 1252 480 1294 antequam
499 1249 652 1284 colonia
671 1249 928 1294 deduceretur,
956 1261 978 1285 a
1001 1250 1203 1294 municipio
1223 1251 1544 1286 Tauromenitano
1564 1251 1664 1296 quod
1681 1255 1772 1287 tunc

187 1308 437 1342 constitutum
472 1308 572 1341 esset
602 1307 812 1350 perscripta
844 1318 928 1341 esse
967 1307 1169 1342 videbatur
1204 1308 1389 1343 Willersio
1426 1309 1483 1350 (1.1.
1506 1309 1597 1350 340).
1649 1309 1770 1344 Annis

185 1365 322 1399 42-36
338 1364 473 1409 quibus
487 1363 523 1398 S.
538 1365 739 1408 Pompeius
757 1364 794 1398 in
808 1364 936 1399 Sicilia
951 1365 1221 1400 dominabatur
1238 1364 1408 1400 attribuit
1423 1366 1555 1409 Cuntz,
1569 1369 1772 1410 propterea

186 1422 286 1467 quod
312 1421 392 1456 Iulii
417 1432 557 1455 nomen
585 1431 771 1465 nusquam
797 1422 968 1456 occurrit.
1091 1425 1107 1456 1
1146 1422 1187 1456 In
1220 1422 1396 1457 omnibus
1428 1423 1544 1457 titulis
1569 1423 1770 1458 Taurome-

186 1479 327 1514 nitanis
361 1479 452 1513 anni
482 1478 740 1522 significantur
764 1478 1045 1523 praepositione
1077 1480 1132 1513 ἐπὶ
1166 1490 1253 1513 cum
1286 1479 1458 1524 genetivo
1492 1480 1656 1515 nominis
1686 1491 1770 1524 pro-

185 1537 265 1581 prii,
292 1537 396 1571 nulla
421 1546 582 1581 usquam
602 1536 730 1570 addita
755 1537 1003 1580 magistratus
1022 1537 1293 1580 appellatione3
1320 1536 1495 1571 videntur
1512 1538 1548 1571 hi
1567 1538 1770 1573 archontes

185 1594 364 1639 eponymi
390 1604 483 1628 esse.
527 1593 700 1629 Ceterum
726 1593 763 1627 in
791 1593 899 1627 fastis
926 1596 1144 1637 praetorum
1170 1595 1347 1638 quattuor
1374 1594 1465 1629 anni
1491 1595 1544 1628 ἐπὶ
1561 1593 1770 1630 Ἀπολλοδώ-

187 1666 243 1698 ρου
262 1650 432 1696 inscripti
450 1652 549 1691 sunt,
575 1652 651 1684 tres
670 1651 885 1694 (vigesimus
905 1652 1072 1695 quartus,
1092 1651 1422 1696 undetrigesimus‚
1444 1651 1768 1697 quadragesimus)

183 1708 223 1743 in
248 1707 414 1743 maximo
435 1708 647 1751 fragmento
675 1708 733 1750 (IG
751 1707 831 1743 XIV
848 1708 915 1742 421
935 1708 959 1750 Ι)
987 1708 1086 1753 quod
1113 1709 1327 1753 nonaginta
1354 1711 1439 1744 octo
1466 1720 1654 1744 annorum
1681 1720 1770 1744 con-

184 1766 292 1801 tinua
317 1766 413 1800 serie
438 1765 683 1809 magistratus
705 1768 889 1809 recenset,
918 1769 1074 1810 quartus
1101 1767 1155 1800 ἐπὶ
1172 1764 1426 1811 Ἀπολλοδώρου
1452 1771 1511 1801 τοῦ
1531 1766 1705 1814 Νεμηνὶου
1731 1768 1769 1801 in

183 1823 397 1868 fragmento
423 1822 464 1857 II.
506 1822 582 1857 Sed
600 1823 762 1866 quintus,
790 1822 962 1857 diversus
990 1824 1036 1857 ab
1061 1823 1144 1867 illis,
1172 1825 1230 1857 est
1254 1823 1390 1858 harum
1413 1825 1604 1859 rationum
1633 1835 1768 1868 annus⁷

183 1882 321 1926 quippe
348 1891 457 1925 quem
487 1890 509 1914 a
535 1883 668 1925 quarto
695 1879 846 1924 quidem
871 1880 1081 1925 distinguat
1105 1882 1305 1924 paternum
1325 1892 1476 1925 nomen,
1505 1892 1527 1915 a
1551 1880 1668 1916 tribus
1686 1881 1771 1916 reli-

184 1938 266 1983 quis
290 1948 381 1973 vero
407 1937 716 1982 praecedentium
749 1948 937 1972 annorum
963 1937 1265 1982 significationes
1292 1939 1347 1973 ἐπὶ
1374 1938 1553 1982 Fid-aleth,
1586 1940 1640 1973 ἐπὶ
1666 1939 1770 1974 Λυκί-

183 2009 278 2040 σκου,
304 1997 358 2029 ἐπὶ
378 1995 497 2039 Σίμου.
538 1994 635 2029 Nam
655 1997 744 2029 ante
762 1996 863 2029 hunc
881 1995 1154 2039 Apollodorum
1174 1996 1316 2030 archon
1343 1996 1412 2030 fuit
1429 1996 1578 2030 Ariston
1597 1998 1686 2038 (not.
1701 1996 1767 2038 10).

183 2052 254 2098 Qui
278 2052 427 2087 scribae
453 2055 669 2096 praetorum
690 2051 815 2087 officio
835 2053 984 2087 functus
1003 2055 1060 2087 est
1084 2054 1269 2088 archonte
1289 2053 1483 2088 Damatrio
1504 2052 1670 2087 Philonis
1691 2053 1766 2088 filio

184 2111 239 2154 (IG
258 2110 337 2145 XIV
354 2111 421 2145 421
439 2110 515 2152 ΙΙ16)
541 2109 670 2144 nescio
696 2120 746 2144 an
770 2109 869 2144 idem
896 2110 942 2144 sit
968 2110 1031 2155 qui
1055 2110 1115 2145 hic
1134 2111 1277 2145 archon
1296 2113 1524 2145 recensetur.
1642 2112 1667 2143 2
1693 2110 1768 2144 Pri-

181 2179 265 2202 mus
298 2168 358 2202 hic
399 2170 456 2202 est
498 2167 680 2202 fastorum
712 2167 1119 2202 Tauromenitanorum
1149 2168 1302 2211 mensis,
1341 2168 1530 2202 secundus
1566 2167 1767 2211 Dionysius

183 2229 227 2268 (v.
246 2226 313 2268 44).
355 2225 409 2259 Ex
434 2224 585 2269 reliquis
611 2224 777 2259 eiusdem
797 2225 947 2269 generis
974 2224 1113 2260 tabulis
1130 2236 1208 2260 una
1225 2225 1329 2267 42821
1355 2225 1577 2270 Dionysium
1595 2235 1766 2259 mensem

181 2283 307 2318 habet.
360 2281 452 2317 Cum
489 2282 632 2317 mensis
669 2283 883 2327 Apellaeus,
922 2282 984 2327 qui
1020 2283 1288 2326 duplicabatur
1326 2283 1437 2318 annis
1474 2282 1766 2317 intercalaribus

181 2339 386 2384 (Ἀπελλαίου
408 2341 563 2384 δευτέρου
590 2339 703 2382 4299),
729 2339 887 2383 primum
914 2342 1094 2375 semestre
1114 2341 1295 2375 clausisse
1322 2343 1360 2375 et
1385 2343 1472 2375 ante
1497 2340 1619 2384 ipsum
1645 2339 1768 2374 solsti-

179 2397 272 2433 tium
299 2397 486 2432 aestivum
512 2397 638 2431 locum
664 2396 842 2431 habuisse
869 2397 1054 2443 videatur,
1081 2399 1248 2442 sequitur
1272 2400 1313 2432 ut
1339 2408 1461 2432 annus
1487 2397 1607 2432 civilis
1627 2398 1766 2432 Tauro-

180 2455 297 2490 menii
323 2466 346 2491 a
370 2454 505 2489 bruma
530 2454 675 2488 initium
703 2454 852 2499 ceperit.
971 2457 996 2489 3
1022 2456 1102 2490 Hae
1128 2455 1274 2490 litterae
1300 2455 1439 2500 ligatae
1458 2458 1525 2497 (ΤΡ)
1552 2458 1767 2490 menstruos

181 2515 359 2558 πρυτάνεις
385 2516 540 2547 senatus
566 2511 781 2556 significare
804 2512 989 2547 videntur.
1100 2515 1126 2547 4
1153 2512 1387 2556 Compendia
1406 2512 1632 2555 nominibus,
1659 2522 1767 2556 prae-

183 2570 290 2614 cipue
315 2571 528 2614 prytanum,
563 2570 692 2604 addita
715 2580 837 2614 pagos
863 2569 1026 2604 civitatis
1051 2570 1397 2605 Tauromenitanae
1423 2570 1642 2614 significant
1666 2569 1766 2603 unde

184 2626 340 2672 quisque
366 2626 547 2661 oriundus
573 2629 665 2662 erat.
787 2629 811 2661 5
845 2627 1187 2662 Hieromnemonas
1213 2638 1406 2662 sacrorum
1432 2637 1562 2662 curam
1587 2626 1765 2660 habuisse

182 2684 221 2718 F.
248 2694 294 2718 ex
317 2683 400 2728 ipso
426 2685 580 2719 nomine
607 2684 768 2728 collegit.
810 2684 984 2718 Eiusdem
1003 2685 1153 2729 generis
1171 2684 1503 2719 hieromnemones
1522 2683 1764 2719 Calchedone

183 2740 272 2786 (CIG
288 2740 410 2783 37942)
438 2743 477 2775 et
502 2742 683 2785 Segestae
710 2742 768 2785 (IG
786 2742 885 2784 2911)
910 2741 1027 2776 fuisse
1054 2742 1215 2777 adnotat
1240 2742 1381 2777 Gilbert
1406 2742 1463 2777 Gr.
1482 2739 1762 2775 Staatsalterth.

183 2795 331 2832 113344.
371 2798 456 2834 Alia
485 2799 705 2834 testimonia
731 2799 846 2833 dubia
878 2801 974 2841 sunt,
1006 2809 1097 2834 nam
1131 2799 1248 2834 fuisse
1281 2800 1397 2834 etiam
1424 2798 1526 2834 aliud
1552 2798 1764 2832 hieromne-

185 2863 342 2888 monum
369 2865 487 2899 genus
513 2856 623 2890 docet
647 2856 800 2891 Aristot.
825 2855 985 2891 Pol.V11
1006 2856 1029 2891 8
1053 2857 1266 2901 p.1321b34
1300 2857 1398 2903 ἑτέρα
1423 2853 1452 2889 δ’
1473 2855 1576 2902 ἀρχή,
1608 2854 1690 2901 πρὸς
1722 2854 1763 2898 ἢν

185 2911 436 2958 ἀναγράφεσθαι
460 2914 513 2947 δεῖ
536 2914 577 2947 τά
601 2926 637 2947 τε
662 2914 733 2947 ἰ’δια
751 2913 944 2960 συμβόλαια
967 2915 1101 2952 καὶτὰς
1118 2914 1242 2960 κρίσεις
1268 2914 1307 2948 ἐκ
1323 2919 1389 2947 τῶν
1409 2910 1647 2957 δικαστηρίων·
1672 2912 1764 2955 παρὰ

1708 3024 1762 3066 39
