2198 3522
419 266 521 303 1028.
1145 267 1350 302 Sacrificia.
1898 237 1902 239 Β
1924 269 1956 304 ΙΙ
1971 270 2007 304 3.

510 406 675 442 Litterae
700 416 802 441 saec.
820 405 861 450 II,
887 405 1012 441 forma
1027 409 1069 449 Π,
1087 406 1156 440 sed
1174 410 1214 444 Z.
1250 406 1372 441 Notae
1397 407 1613 442 numerales
1636 405 1747 441 lineis
1764 406 2008 441 horizontali-

419 465 489 499 bus
521 474 637 508 supra
668 463 840 499 obductis
873 463 1148 508 significantur.
1276 466 1293 498 1
1328 463 1433 498 Fasti
1463 467 1550 499 sunt
1578 463 1775 508 gymnasii,
1806 463 1846 498 in
1872 464 2008 509 quibus

418 521 704 566 perscribuntur
733 531 982 566 quaecunque
1014 521 1068 555 eis
1102 521 1166 565 qui
1195 520 1234 554 in
1267 520 1333 555 illo
1357 524 1560 556 versantur
1592 532 1740 566 quoque
1765 531 1898 556 mense
1924 532 2010 566 per-

419 579 572 623 agenda
597 582 685 614 sunt
709 578 789 613 sive
815 589 926 613 sacra
952 578 1030 613 sive
1056 577 1239 622 profana;
1269 577 1407 621 singuli
1429 589 1586 613 menses
1612 579 1783 623 singulas
1808 577 2008 613 columnas

419 639 563 672 tenent.
593 637 652 672 Pr.
748 638 773 670 2
797 636 863 671 Coi
880 638 1078 680 praeterea
1096 636 1178 669 solo
1194 634 1360 673 Πολιάδος
1379 637 1606 680 cognomine
1622 640 1779 671 utuntur
1797 636 2006 679 (ss·102556);

420 705 537 740 quare
573 694 742 729 additum
770 692 861 738 Νίκᾳ
896 693 944 728 ad
978 693 1230 727 conexionem
1265 702 1362 736 quae
1389 692 1710 737 Pergamenorum
1743 694 1895 738 regibus
1921 703 2008 728 cum

419 751 630 797 gymnasiis
667 753 703 786 et
741 750 901 786 aliarum
938 749 1147 784 civitatium
1187 751 1224 783 et
1262 748 1424 783 Coorum
1465 749 1727 786 intercedebat
1767 751 1911 785 rettulit
1949 751 2008 786 Pr.

417 810 569 844 Etenim
594 808 769 853 Pergami
798 806 1001 852 praecipue
1036 805 1234 840 colebatur
1256 804 1381 851 Ἀθηνᾶ
1408 805 1618 853 Νικηφόρος,
1653 819 1752 853 quae
1785 808 1890 843 haud
1919 819 2007 843 raro

363 906 366 907 ⁷
418 866 534 902 etiam
559 865 684 911 Ἀθηνᾶ
709 865 835 902 Πολιάς
860 865 918 898 καὶ
936 863 1135 909 Νικηφόρος
1161 863 1219 905 (cf.
1245 862 1411 898 indicem
1430 864 1570 898 Inschr.
1591 865 1696 909 Pei-g.
1719 876 1753 909 p.
1771 866 1851 908 516)
1879 867 2008 910 appel-

416 925 527 960 latur.
661 925 685 957 3
713 921 805 956 Cum
831 921 959 967 ἀγῶνες
986 920 1060 955 sint
1085 920 1226 964 publici
1249 920 1451 955 universae
1477 921 1644 957 civitatis
1668 923 1758 966 ludi,
1785 934 1882 968 quae
1907 925 2008 957 intra

417 981 656 1027 gymnasium
689 979 940 1014 instituuntur
972 978 1082 1013 statis
1117 979 1251 1013 diebus
1285 979 1498 1013 certamina
1531 979 1581 1014 ad
1604 978 1704 1013 vires
1737 981 1774 1014 et
1799 979 2007 1015 sollertiam

418 1040 650 1085 epheborum
684 1039 722 1072 et
751 1047 956 1081 puerorum
989 1036 1248 1071 examinanda
1278 1036 1405 1080 potius
1436 1046 1550 1080 quam
1578 1036 1734 1071 deorum
1761 1038 2009 1072 colendorum

417 1107 551 1140 causa,
588 1096 757 1142 ἀγωνάριοι
789 1094 851 1129 hic
885 1097 1084 1128 vocantur.
1126 1093 1217 1137 Pat.,
1252 1094 1311 1128 Pr.
1362 1092 1533 1129 Victores
1566 1093 1754 1129 eiusmodi
1787 1094 2009 1130 certaminis

416 1154 627 1189 recensitos
660 1152 783 1187 habes
817 1163 853 1186 n.
877 1151 955 1187 959.
1097 1154 1120 1186 4
1154 1152 1358 1196 [προτέ]λεια
1385 1151 1441 1185 Pr.
1468 1150 1701 1186 dubitanter.
1843 1154 1868 1186 5
1902 1152 2010 1187 Duae

416 1212 529 1248 modo
561 1210 623 1246 hic
652 1210 933 1253 distinguuntur
966 1211 1126 1252 aetates,
1163 1209 1315 1254 ἡβῶντες
1345 1208 1403 1244 i.e,
1429 1209 1554 1255 ἔφηβοι
1579 1211 1614 1244 et
1640 1209 1762 1256 ἄνηβοι
1791 1209 1850 1245 i.e.
1876 1211 2008 1248 παῖδες.

461 1273 486 1304 6
513 1268 566 1304 Cf.
583 1268 879 1313 Hippocrateam
905 1266 1109 1311 epistulam
1127 1267 1187 1301 11:
1215 1267 1315 1314 ἔτυχε
1340 1262 1407 1301 τότ’
1426 1267 1528 1301 ἐοῦσα
1552 1271 1614 1313 τῆς
1641 1266 1766 1312 ῥοίβδου
1792 1267 1815 1312 ἡ
1837 1267 2010 1314 ἀνάληψις

414 1330 448 1363 ἐν
475 1328 587 1373 ἐκείνῃ
613 1326 655 1373 τῇ
682 1326 796 1371 ἡμέρα
820 1326 876 1359 καὶ
904 1326 1037 1369 ἐτήσιος
1063 1325 1174 1372 ἑορτή,
1210 1326 1255 1362 ὡς
1281 1325 1363 1368 ἴστε,
1390 1326 1576 1370 πανήγυρις
1602 1324 1686 1369 ἡμῖν
1711 1325 1769 1358 καὶ
1794 1326 1916 1369 πομπὴ
1945 1338 2007 1359 πο-

414 1386 560 1431 λυτελὴς
586 1386 619 1423 ἐς
639 1382 865 1428 Κυπάριττον.
908 1381 983 1416 Sed
1008 1392 1099 1416 num
1125 1384 1229 1416 recte
1255 1382 1427 1426 Rayetus
1453 1382 1525 1416 hoc
1553 1382 1599 1416 de
1625 1381 1739 1416 fluvio
1766 1392 1884 1426 prope
1900 1381 2007 1416 Anti-

412 1444 605 1480 machiam
635 1441 695 1476 cui
725 1440 835 1475 hodie
866 1438 905 1473 id
938 1450 1078 1474 nomen
1110 1443 1166 1474 est
1191 1440 1430 1483 intellexerit,
1461 1439 1541 1474 iure
1567 1439 1714 1474 dubitat
1741 1440 1821 1474 Pat.
1847 1442 2003 1484 propter

413 1504 526 1538 situm
551 1500 665 1536 nimis
688 1500 880 1533 remotum
907 1508 929 1532 a
956 1496 1121 1532 Coorum
1147 1497 1298 1542 oppido.
1411 1499 1434 1532 7
1462 1497 1580 1541 Regio
1606 1497 1762 1532 nomine
1789 1497 1850 1532 hic
1877 1508 2007 1542 super-

415 1561 523 1596 stites
558 1556 765 1603 significari
800 1566 909 1600 reges
944 1556 1113 1599 apparet.
1170 1555 1296 1599 Quare
1330 1557 1396 1589 aut
1429 1555 1672 1590 Ptolemaeus
1697 1554 1743 1590 VI
1779 1554 2012 1589 Philometor

417 1616 622 1660 (183—146)
648 1616 714 1649 aut
732 1613 971 1648 Ptolemaeus
990 1613 1050 1648 VII
1074 1612 1278 1656 Euergetes
1299 1612 1327 1646 ΙΙ
1347 1612 1552 1655 (183-117)
1579 1612 1639 1647 hic
1663 1612 1911 1658 significatur.
1951 1612 2009 1647 Pr.

416 1676 603 1718 Tempora
631 1671 808 1716 eligenda
834 1673 932 1713 sunt,
965 1670 1098 1715 quibus
1124 1680 1222 1704 unus
1248 1680 1408 1714 regnum
1435 1670 1603 1705 tenebat.
1746 1672 1772 1705 8
1800 1670 2009 1705 Delubrum

416 1730 600 1776 Apollinis
625 1727 731 1764 Delii.
872 1731 897 1763 9
930 1727 1011 1762 Non
1045 1729 1221 1761 senatum
1257 1726 1430 1770 civitatis,
1463 1727 1531 1762 sed
1562 1729 1647 1762 νέων
1682 1727 1745 1762 vel
1778 1728 1918 1774 ἐφήβων
1944 1728 2006 1762 vel

413 1792 657 1832 utrorumque
690 1785 892 1829 concilium
923 1784 1195 1828 interpretatur
1223 1785 1292 1828 Pr.‚
1326 1795 1490 1819 monens
1515 1785 1610 1820 talia
1636 1784 1800 1820 concilia
1824 1784 1864 1819 in
1891 1784 2010 1820 titulis

414 1847 517 1882 haud
540 1845 805 1890 infrequenter
829 1841 1122 1877 commemorari
1149 1842 1299 1884 (Inschr.
1321 1842 1427 1886 Perg.
1446 1842 1513 1877 252
1539 1853 1627 1877 cum
1648 1841 1860 1877 Fraenkelii
1886 1841 2010 1884 notis).

417 1905 494 1940 Soli
521 1905 642 1950 ἔφηβοι
666 1901 705 1936 in
731 1911 888 1936 censum
905 1900 1035 1934 venire
1054 1899 1241 1943 videntur,
1268 1899 1356 1944 quia
1382 1900 1479 1934 duae
1505 1899 1620 1934 modo
1644 1900 1704 1934 hic
1723 1899 2011 1943 distinguuntur

417 1964 564 1997 aetates
584 1961 671 2003 (not.
689 1960 734 2002 5),
757 1958 864 2003 pueri
881 1967 971 1992 vero
991 1958 1136 1992 nullam
1155 1958 1238 1992 sine
1257 1956 1368 1991 dubio
1387 1957 1583 1991 habebant
1602 1957 1740 2003 βουλήν.
1841 1959 1891 1991 10
1918 1957 2012 2001 Sep-

415 2021 529 2054 timus
562 2018 640 2052 fere
668 2017 830 2051 Coorum
863 2014 1016 2059 mensis,
1051 2014 1244 2050 semestris
1276 2014 1411 2049 aestivi
1443 2014 1599 2058 primus.
1746 2016 1790 2048 11
1820 2014 2011 2048 Eumenes

415 2078 493 2112 iam
526 2075 727 2110 defunctus
759 2084 826 2108 rex
856 2084 935 2108 non
970 2072 1195 2116 appellatur,
1226 2082 1351 2115 neque
1378 2071 1477 2106 alius
1503 2074 1561 2106 est
1585 2081 1631 2106 ac
1656 2071 1915 2107 nobilissimus
1940 2071 2005 2106 ille

418 2135 607 2169 Eumenes
624 2132 656 2166 ΙΙ
681 2131 898 2175 (197-159).
1013 2133 1061 2164 12
1088 2129 1140 2164 Cf.
1167 2141 1201 2164 n.
1222 2129 1359 2164 102610.
1474 2131 1522 2163 13
1548 2129 1633 2164 Non
1660 2140 1683 2164 a
1709 2129 1790 2172 deo,
1819 2129 1879 2164 cui
1905 2129 2015 2165 fiunt,

419 2192 486 2226 sed
518 2190 564 2224 ab
590 2189 754 2234 homine,
787 2189 849 2234 qui
872 2187 1045 2230 instituit,
1079 2187 1321 2231 appellantur
1345 2187 1442 2221 haec
1468 2197 1580 2221 sacra
1606 2188 1649 2221 ut
1674 2186 1902 2231 Alcesippea
1926 2186 2015 2222 Del-

420 2249 581 2292 phorum
608 2249 654 2289 (n.
672 2246 751 2287 631)
782 2248 818 2280 et
843 2245 1127 2290 Phigalensium
1152 2244 1347 2279 Andrinea
1375 2244 1433 2286 (IG
1450 2244 1479 2280 V
1497 2244 1652 2303 2,(122).0
1785 2246 1835 2278 14
1861 2243 2012 2278 Attalus

414 2317 481 2340 rex
506 2307 570 2340 aut
597 2305 693 2339 alter
720 2303 922 2346 (159—138,
952 2305 1016 2337 aut
1042 2301 1174 2336 tertius
1200 2301 1417 2344 (138433).
1553 2304 1602 2336 15
1628 2305 1658 2336 Π
1681 2301 1790 2346 lapis,
1820 2302 1879 2336 i.e.
1905 2304 2012 2349 π(ρ)ο-

418 2363 604 2409 (τριακάδι).
642 2362 724 2396 Pat.
853 2363 903 2395 16
935 2360 988 2395 De
1015 2361 1189 2394 examine
1218 2359 1350 2403 agitur,
1379 2370 1453 2404 quo
1481 2358 1653 2403 discipuli
1677 2358 1896 2403 probabant
1922 2358 2011 2404 quid

419 2419 654 2462 didicissent3
688 2419 743 2453 sic
777 2417 877 2452 enim
908 2417 947 2451 in
980 2417 1096 2452 titulis
1126 2417 1316 2452 inferioris
1351 2416 1488 2452 aetatis
1515 2417 1750 2451 ἀποδεικνύναι
1775 2418 1813 2451 et
1837 2417 2011 2457 ἀπόδειξις

417 2479 632 2521 usurpatur.
675 2475 727 2510 Cf.
746 2486 780 2509 n.
796 2475 896 2517 71741
928 2476 1130 2521 ἐποιήταντο
1157 2476 1200 2518 (οἱ
1219 2477 1352 2522 ἔφηβοι)
1370 2503 1416 2511 -,
1432 2476 1494 2521 τὴν
1513 2475 1682 2515 ἀπόδειξιν
1700 2475 1742 2521 τῇ
1761 2474 1879 2522 βουλῇ.
1912 2473 2011 2509 Plut.

421 2536 574 2579 Quaest.
589 2533 758 2568 conv.IX
771 2533 832 2577 1,1
848 2544 881 2577 p.
893 2532 960 2567 736
975 2532 1002 2566 D
1021 2530 1207 2577 Ἀμμώνιος
1225 2531 1382 2580 Ἀθήνησι
1407 2538 1602 2578 στρατηγῶν
1620 2531 1811 2572 ἀποδείξεις
1834 2532 1955 2578 ἔλαβεν
1974 2532 2010 2566 ἐν

414 2591 648 2638 τῷΔιογενεὶῳ
666 2597 734 2625 τῶν
751 2592 933 2638 γράμματα
949 2593 1007 2624 καὶ
1020 2590 1226 2636 γεωμετρίαν
1245 2591 1301 2624 καὶ
1319 2590 1360 2624 τὰ
1378 2590 1540 2636 ῥητορικὰ
1557 2589 1614 2623 καὶ
1630 2589 1798 2634 μουσικὴν
1818 2588 2008 2633 μανθανόν-

413 2662 479 2684 των
497 2649 649 2694 ἐφήβων,
671 2649 728 2682 καὶ
753 2649 831 2685 τοὺς
855 2649 1146 2694 εὐδοκιμήσαντας
1164 2654 1230 2681 τῶν
1251 2647 1463 2681 διδασκάλων
1485 2646 1539 2681 ἐπὶ
1561 2647 1698 2680 δεῖπνον
1727 2646 1878 2681 ἐκάλεσε.
1921 2646 2006 2691 Qua

418 2717 465 2741 ex
488 2705 708 2741 narratione
734 2704 845 2739 facile
872 2705 1111 2749 intellegitur,
1138 2715 1216 2739 non
1235 2704 1379 2739 minore
1397 2704 1476 2738 iure
1494 2703 1705 2737 διδασκάλων
1726 2714 1842 2748 quam
1862 2704 2002 2750 ἐφήβων

417 2764 588 2803 ἀπόδειξιν
605 2763 736 2797 vocari
753 2761 920 2806 potuisse
939 2762 1123 2797 eiusmodi
1140 2773 1313 2797 examen.
1347 2760 1398 2796 Cf.
1413 2761 1436 2796 Ι.
1450 2760 1585 2795 Priene
1599 2761 1719 2804 11420:
1744 2761 1864 2806 ἔλαβεν
1884 2761 1921 2795 δὲ
1937 2761 2009 2804 α[οιὶ

418 2822 490 2864 τ]ὰς
514 2827 580 2855 τῶν
600 2820 814 2866 μαθημάτων
835 2819 1026 2863 ἀποζόἱξεις
1053 2821 1258 2866 ἐκπλήρους,
1285 2820 1401 2857 αὐτοῖς
1426 2831 1462 2852 τε
1488 2821 1572 2861 το[ῖς
1595 2820 1718 2862 παιπὶ]ν
1737 2818 1810 2856 θεὶς
1827 2818 1918 2853 ἆθλα
1937 2818 2010 2852 δια-

420 2880 558 2924 πρε[π]ῆ
589 2878 646 2911 καὶ
675 2881 748 2915 τοῖς
772 2878 967 2915 παιδευταῖς
994 2879 1072 2916 δοὺς
1098 2878 1188 2911 ἆθλα
1213 2878 1362 2924 ἔμψυχα,
1399 2876 1444 2910 cf.
1472 2875 1556 2910 ibid.
1577 2876 1691 2918 11330.
1740 2875 1920 2910 Ziebarth
1949 2875 2010 2910 Gr.

424 2934 778 2970 Sehulw.218.59al.
855 2936 902 2969 17
926 2935 1220 2979 ΚΕΦΛΛΙΓΙειρίς.
1248 2935 1352 2978 Quae
1370 2933 1445 2967 sint
1462 2933 1535 2968 hae
1548 2933 1920 2980 zeealat‚obscurum
1940 2935 2012 2967 est.

426 3083 509 3125 182
