2198 3522
131 248 212 283 961.
238 247 316 284 962.
590 245 796 290 Magnesia.
845 245 1019 289 Smyrna.
1068 245 1254 279 Athenae.
1647 247 1711 281 17.

134 387 304 431 discripti
321 386 439 426 erant,
466 383 601 428 quibus
627 381 785 425 singulis
809 381 983 425 singulae
1001 382 1129 425 partes
1153 381 1346 415 moenium
1366 381 1628 418 defendendae
1651 385 1716 419 ob-

137 446 333 479 venerant.
372 440 548 475 Eiusdem
573 438 819 474 institutionis
837 438 980 473 mentio
1000 438 1041 472 fit
1059 439 1157 482 apud
1179 437 1377 472 Philonem
1396 438 1620 482 Byzantium
1642 442 1716 475 Me-

138 501 381 535 chanicorum
408 497 435 532 V
452 497 507 540 92,
533 496 577 530 42
612 501 685 534 τοῖς
714 496 880 542 ἀμφόδοις
905 496 1118 540 ἑκατέρωθεν
1151 495 1258 533 πύλας
1282 497 1585 530 κατασκευαστέον.
1623 498 1677 541 93,
1696 499 1716 532 1

137 558 281 603 δημοσίᾳ
297 556 404 597 resi<
430 554 569 588 ἕκαστον
589 553 743 599 ἄμφοδον
770 553 885 587 δοτέον
912 554 980 587 ἐστὶ
998 552 1178 597 λιθοβόλον
1205 553 1286 586 δέκα
1313 559 1404 597 μνῶν
1430 553 1486 586 καὶ
1501 555 1718 592 καταπάλτας

136 616 206 649 δύο.
247 612 456 656 Unicuique
481 621 528 645 ex
551 610 609 644 his
635 610 802 644 numeris
821 620 929 645 suum
948 609 1064 644 fuisse
1083 609 1318 653 praefectum
1345 610 1381 644 et
1408 620 1473 653 per
1498 621 1538 644 se
1557 612 1661 654 patet
1682 613 1719 645 et

134 670 379 706 confirmatur
401 668 617 702 testimonio
636 667 803 701 Philonis
822 667 851 702 V
868 667 923 712 93,
940 666 963 700 8
987 672 1058 704 τοῖς
1085 668 1321 713 ἀμφοῦάρχαις
1339 667 1538 711 συνθήματα
1562 669 1619 701 καὶ
1639 667 1718 701 ὑπο-

134 728 334 771 συνθήματα
352 727 442 771 παρὰ
457 732 523 759 τῶν
542 731 736 772 στρατηγῶν
756 725 908 759 δίδοσθαι
926 726 987 758 δεῖ.
1029 724 1082 759 Cf.
1109 724 1230 768 legem
1250 719 1512 759 Stratonicea&
1534 724 1717 767 (Wilhelm

132 785 180 820 l.l.
201 783 284 818 187:
311 784 465 830 δεύτερος
484 782 621 828 πύργος.
649 782 941 827 (συναθροίζεσθαι
959 784 1054 827 πρὸς)
1077 788 1138 815 τῶι
1159 778 1358 828 'Hpq-Aletini
1382 783 1440 815 καὶ
1464 788 1525 816 τῶι
1551 783 1719 829 ἐχομένωι

134 842 334 889 φυλακείωι.
360 841 500 886 ἅμφοῦα
525 842 562 874 τὸ
582 839 836 884 Σαμοθράικιον
861 840 918 873 καὶ
939 841 976 873 τὸ
997 839 1163 886 ἐχόμενον
1191 839 1255 877 ἕως
1280 843 1338 873 τοῦ
1357 844 1523 883 ποταμοῦ.
1550 841 1718 884 ἐπίσημον

135 900 292 945 ῥόπαλον)
320 901 357 932 et
376 898 652 941 Pergamenam
674 896 734 932 Or.
752 896 868 938 48380,
881 914 920 939 82·
1037 898 1062 929 2
1091 896 1248 940 Propria
1272 896 1429 931 nomina
1446 896 1627 931 habuisse
1646 897 1720 931 sin-

131 957 242 1002 gulas
260 954 451 991 moenium
476 957 596 989 turres
614 953 727 988 etiam
748 965 782 988 n.
795 954 1053 996 495143‚144‚155
1071 953 1252 988 videmus.
1292 954 1365 988 Sed
1378 953 1454 988 illic
1473 964 1518 988 ea
1533 953 1580 988 ab
1600 954 1719 988 homi-

133 1013 244 1048 nibus
262 1015 494 1057 repetuntur,
517 1011 576 1046 hic
596 1022 618 1046 a
636 1011 864 1046 numinibus,
906 1011 958 1045 De
979 1012 1110 1046 Bonae
1137 1011 1310 1046 fortunae
1330 1012 1431 1046 cultu
1451 1012 1496 1045 cf.
1516 1011 1622 1055 Sym
1634 1012 1716 1046 755:

134 1072 302 1115 ἀνέθηκ[ε]
333 1075 405 1108 τοῖς
440 1069 582 1104 Δώδεκα
615 1070 708 1107 θεοῖς
740 1071 797 1103 καὶ
829 1074 885 1115 τῆι
913 1067 1050 1115 Ἀγαθῆι
1084 1069 1192 1116 Τύχῃ.
1248 1069 1355 1104 SGDI
1381 1069 1487 1103 3650:
1527 1069 1721 1112 [Φ]ι’λιππος

133 1128 350 1175 Αὐτοφόντος
379 1130 416 1161 τὸ
444 1128 626 1172 ὡρολόγιον
654 1127 762 1173 Τύχαι
787 1124 910 1173 Ἀγαθᾷ
941 1128 996 1160 καὶ
1020 1125 1163 1171 Ἀγαθῶι
1190 1127 1323 1172 δαίμονι
1352 1129 1409 1161 καὶ
1436 1130 1485 1173 τῷ
1509 1127 1617 1171 ὃοίμψ,
1649 1136 1720 1161 nec

134 1196 212 1220 non
240 1186 375 1220 mirum
396 1184 488 1219 illud
506 1183 704 1219 donarium
723 1183 888 1218 Atticum
915 1195 1014 1218 saec.
1033 1184 1078 1218 IV
1097 1184 1360 1228 (Blinkenberg
1378 1184 1468 1218 Bull.
1483 1184 1547 1218 Ac.
1565 1184 1720 1218 Danem.

135 1243 235 1285 1916,
254 1243 348 1285 204):
375 1241 613 1288 Ἀριστομάχη,
632 1241 923 1286 Ὀλυμπιόδωρος,
947 1241 1093 1286 Θεωρίςέ
1112 1242 1283 1288 ἀνέθηκαν
1303 1239 1580 1276 ΔιῖῈπιτελεὶωι
1599 1241 1721 1276 Φιλίωι

133 1302 192 1335 καὶ
215 1306 271 1347 τῆν.
290 1299 404 1345 Μητρὶ
427 1305 486 1333 τοῦ
514 1300 593 1346 θεοῦ
614 1298 728 1333 Φιλίαι
753 1301 810 1333 καὶ
829 1298 939 1345 Thyni
957 1297 1094 1344 Ἀγαῦῆι
1118 1303 1176 1333 τοῦ
1205 1300 1285 1333 θεοῦ
1309 1300 1453 1345 γυναι-Αἱ,
1479 1298 1543 1333 ubi
1561 1300 1720 1333 Matrem

134 1358 234 1392 Iovis
261 1359 487 1401 cognomine
505 1356 663 1391 Philiam
688 1356 869 1390 intellexit
888 1356 1085 1390 C.Robert.
1198 1358 1222 1390 3
1250 1357 1481 1400 Frequenter
1498 1367 1636 1390 nomen
1657 1366 1721 1400 ap-

134 1415 351 1460 pellativum
370 1415 524 1460 εὺετηοία
543 1424 628 1448 curn
648 1414 753 1458 ὑγίεια
775 1413 1020 1447 coniunctum
1041 1416 1244 1456 usurpatur
1260 1416 1300 1447 ut
1319 1413 1493 1447 omnibus
1505 1412 1721 1447 nominibus

135 1473 237 1507 bona
269 1482 314 1506 ac
346 1471 524 1507 salutaris
556 1470 717 1505 civitatis
749 1469 960 1513 cuiuspiam
989 1469 1162 1504 condicio
1189 1469 1422 1513 significetur
1448 1470 1569 1515 (ΰγίεια
1594 1471 1635 1515 ἦν
1662 1471 1720 1504 καὶ

136 1530 300 1576 εὐετηρία)
323 1530 361 1563 in
388 1529 502 1563 titulis
530 1528 740 1571 choregicis
765 1527 952 1561 Deliorum
979 1526 1025 1560 IG
1043 1527 1090 1560 XI
1107 1527 1193 1568 1051
1217 1527 1263 1561 al.
1314 1527 1387 1561 Sed
1411 1527 1505 1561 deae
1534 1526 1720 1572 Εὐετηρίας

136 1596 247 1621 sacra
267 1586 454 1621 rarissime
474 1587 838 1627 commemorantur3
865 1583 910 1618 cf.
930 1583 978 1618 lG
992 1583 1037 1619 IV
1052 1583 1158 1626 20319
1178 1585 1227 1625 (in
1248 1583 1525 1618 Corinthiorum
1547 1584 1720 1626 Isthmo):

135 1645 286 1682 καὶτοὺς
303 1646 402 1682 ναοὺς
419 1650 479 1690 τῆς
500 1642 684 1688 Εΰετηρίας
701 1643 758 1676 καὶ
781 1647 842 1686 τῆς
862 1640 978 1687 Κόρης
1004 1643 1061 1675 καὶ
1086 1643 1123 1676 τὸ
1144 1641 1374 1676 [Douma-aem
1391 1643 1524 1680 καὶτὰς
1543 1641 1722 1686 ἀναβάσεις

136 1702 192 1735 καὶ
216 1702 257 1735 τὰ
281 1701 510 1746 ἀναλήμματα
536 1700 599 1734 ὑπὸ
627 1706 771 1744 σεισμῶν
801 1700 860 1734 καὶ
886 1699 1114 1744 παλαιότητος
1139 1699 1365 1745 διαλελυμένα
1392 1700 1625 1733 ἐπεσκεύασεν.
1669 1698 1720 1733 Cf.

137 1759 176 1793 B.
194 1758 274 1792 Keil
301 1756 432 1802 Εἰρήνη
453 1756 552 1797 1916,
572 1756 646 1790 431.

223 1845 329 1888 962.
368 1851 655 1885 Traditiones
686 1850 939 1884 triremium
967 1850 1238 1891 Atticarum,
1273 1859 1315 1885 a.
1337 1852 1435 1885 333.
1494 1850 1723 1894 Fragmenta

139 1908 211 1943 duo
227 1910 270 1952 (A
284 1909 325 1949 B)
349 1907 505 1942 tabulae
525 1907 660 1951 lapidis
681 1906 861 1951 Hymettii
884 1906 1040 1941 inventa
1060 1907 1098 1941 in
1121 1906 1263 1941 Piraeo.
1305 1907 1543 1950 Praescripta
1562 1911 1606 1949 (v.
1622 1907 1721 1948 1-5)

137 1967 256 2000 totam
285 1964 421 2009 lapidis
445 1964 686 1999 latitudinem
717 1964 921 2008 explebant
949 1964 1140 1999 continuis
1166 1965 1348 2007 versibus,
1374 1964 1520 2009 reliqua
1544 1975 1610 2008 per
1636 1966 1721 1998 octo

140 2023 338 2058 columnas
372 2022 554 2066 disposita
582 2021 698 2056 fuisse
724 2022 910 2065 videntur,
946 2033 991 2056 ex
1025 2022 1157 2066 quibus
1191 2022 1288 2056 duae
1319 2022 1433 2056 modo
1462 2022 1548 2065 sab),
1581 2021 1723 2055 scilicet

140 2080 303 2124 septima
328 2083 364 2114 et
390 2082 540 2123 octava,
564 2081 728 2114 exstant.
770 2079 860 2114 Edd.
887 2079 1051 2114 Koebler
1068 2079 1152 2113 Ath.
1169 2080 1257 2114 Mitt.
1277 2080 1322 2114 IV
1340 2079 1440 2123 1879,
1460 2079 1521 2122 793
1547 2079 1592 2114 lG
1611 2079 1639 2113 Il
1657 2078 1725 2113 804

140 2137 286 2180 (Michel
304 2137 385 2181 602;
414 2137 520 2181 Sy11.2
537 2136 625 2179 530).
669 2136 721 2172 Cf.
748 2136 867 2171 Kolbe
894 2137 976 2172 Ath.
997 2137 1087 2171 Mitt.
1107 2136 1222 2171 XXVI
1241 2137 1340 2180 1901,
1358 2136 1437 2171 377.
1600 2137 1677 2180 [Hi]

68 2214 111 2255 Α
141 2206 250 2262 [τάδε
261 2208 514 2262 παρέδοσανῙ
528 2206 765 2261 ἐπιμεληταὶ
780 2210 856 2248 τῶν
871 2208 1045 2263 νεωρίων
1065 2207 1101 2247 οἱ
1118 2205 1181 2247 ἐπὶ
1196 2205 1467 2262 Κτησικλέους
1483 2206 1674 2262 ἄρχοντος
1683 2206 1722 2261 2,
1741 2227 1773 2250 a.
1789 2215 1905 2259 334s3

236 2306 252 2337 1
281 2303 539 2338 Traditionum
571 2303 704 2337 tabula
736 2304 803 2347 est,
839 2303 968 2347 quales
993 2303 1096 2337 haud
1127 2313 1276 2347 paucae
1308 2305 1480 2346 exstant3
1518 2305 1630 2348 atque
1665 2303 1726 2337 hic

141 2360 292 2406 quidem
325 2371 422 2405 quae
455 2363 658 2404 supersunt
688 2360 817 2395 omnia
850 2360 898 2394 ad
923 2371 1043 2395 naves
1078 2362 1393 2405 armamentaque
1425 2362 1602 2405 spectant
1628 2370 1726 2405 quae

142 2419 245 2452 cives
282 2429 327 2452 ex
360 2417 590 2453 trierarchiis
624 2428 813 2453 annorum
849 2417 1159 2452 antecedentium
1193 2418 1425 2462 reipublicae
1458 2417 1634 2452 debeant.

187 2478 212 2510 2
239 2475 384 2510 Nomen
411 2475 606 2510 archontis
630 2474 878 2520 probabiliter
895 2476 1063 2519 reposuit
1089 2476 1128 2510 K.
1170 2475 1266 2510 Nam
1288 2475 1448 2519 priorem
1467 2476 1594 2520 utique
1613 2485 1724 2520 quam

148 2544 180 2567 a.
198 2533 305 2577 334s3
323 2533 492 2567 tabulam
513 2543 590 2567 non
610 2544 705 2577 esse,
725 2534 814 2578 quia
834 2533 1098 2567 antecedentis
1118 2533 1208 2568 anni
1227 2534 1370 2567 archon
1389 2533 1607 2567 Euaenetus
1625 2543 1727 2567 com-

144 2592 418 2625 memoraretur
434 2601 467 2624 V.
486 2590 565 2634 286,
591 2601 715 2635 neque
741 2592 828 2634 post
847 2601 877 2624 a.
893 2589 1000 2632 331ίο
1019 2590 1252 2634 inscriptam,
1278 2590 1366 2635 quia
1384 2590 1618 2635 insequentis
1637 2590 1727 2624 anni

145 2647 389 2683 traditionum
415 2649 622 2683 laterculus
648 2650 816 2684 exstaret
834 2648 1046 2692 (1611807),
1071 2648 1109 2682 in
1136 2658 1256 2693 eoque
1283 2648 1478 2692 complura
1495 2647 1643 2682 reddita
1660 2647 1728 2681 rei-

147 2704 319 2747 publicae
345 2705 612 2750 scriberentur,
639 2716 737 2751 quae
763 2705 822 2740 hic
849 2704 1046 2740 etiamtum
1075 2705 1302 2740 deberentur
1328 2710 1369 2747 (v.
1397 2707 1474 2740 not.
1493 2706 1548 2740 53.
1567 2705 1632 2744 63).
1673 2704 1726 2737 Ac

149 2770 235 2795 cum
259 2764 417 2808 utroque
443 2764 527 2798 loco
553 2763 590 2798 in
616 2764 679 2798 illo
705 2763 814 2798 titulo
839 2763 999 2797 heredes
1026 2763 1204 2798 debitoris
1237 2763 1407 2798 defuncti
1432 2774 1478 2798 ea
1502 2761 1728 2806 persolvisse

150 2817 335 2862 dicantur,
365 2821 514 2864 tempus
541 2831 614 2865 quo
639 2821 737 2855 haec
762 2820 881 2855 incisa
907 2822 1036 2855 essent
1061 2821 1215 2865 propius
1242 2821 1290 2855 ad
1315 2831 1457 2856 annum
1483 2819 1588 2861 334!ss
1614 2828 1726 2863 quam

151 2874 200 2909 ad
224 2874 330 2920 331s0
355 2877 548 2912 accedere.
592 2878 716 2922 Quare
743 2877 911 2913 Ctesiclis
937 2877 1000 2922 qui
1023 2877 1130 2923 334s3
1154 2888 1302 2913 summo
1328 2878 1553 2922 magistratu
1578 2875 1728 2909 functus

149 2934 208 2966 est
232 2941 373 2967 nomen
397 2933 570 2968 restituit.

1670 3046 1725 3087 59
