2198 3522
383 256 464 291 921.
1071 253 1281 290 Phratriae.
1899 255 1916 290 Ι
1929 256 1964 291 1.

385 396 580 451 Ἱεροκλῆς
620 393 723 435 εἶπε·
770 395 909 436 ὁπόσοι
949 395 1068 449 μήπω
1109 392 1495 450 διεδικάσῖὓησανῙῙ
1533 391 1637 436 κατὰ
1681 394 1745 436 τὸν
1784 395 1966 449 νόμον12

314 470 358 504 15
383 463 447 506 τὸν
470 453 799 520 ιΔημοτιωνιῧΙῶν
815 463 877 517 13,
921 461 1157 504 διαδικάσαι
1192 463 1282 519 περὶ
1315 463 1442 504 αὐτῶν
1474 462 1539 510 τὸς
1576 462 1792 520 φράτερΙας
1825 463 1967 504 αὐτίκα

383 531 509 588 μάλα,
547 533 818 587 ὑποσχομένος
855 531 951 588 πρὸς
983 535 1025 573 τὸ
1058 531 1164 586 ΔΙιὸς
1196 535 1238 573 τὸ
1271 532 1465 588 Φρατρίο,
1503 533 1697 588 φέροντας
1727 532 1798 588 τὴν
1831 536 1965 588 ψῆφον

383 601 471 658 ἀπΙὸ
512 604 555 643 τί)
593 601 775 657 βωμῦ14.
828 601 870 646 ὃς
914 598 944 641 δ’
976 599 1023 641 ἂν
1064 601 1174 654 ὃόξηι
1214 600 1266 655 μὴ
1308 602 1362 640 ὢν
1403 599 1561 655 φράτηρ
1604 601 1862 656 ἐσαξχῦῆναι,
1908 602 1967 647 ἐξ-

312 677 359 712 20
384 669 589 726 αλειψάτω
631 668 672 710 τὸ
711 670 837 723 ὄνομα
878 670 971 710 αὐτὸ
1012 670 1032 709 ὁ
1067 667 1204 725 ἱερΙεὺς
1236 668 1304 709 καὶ
1337 670 1356 709 ὁ
1389 669 1660 725 φρατρίαρχος
1692 671 1736 711 ἐκ
1766 672 1810 710 τὸ
1841 686 1968 726 γραμ-

383 738 529 795 ματείΙο
544 740 591 772 15
622 742 664 779 τῖ)
696 739 736 779 ἐν
765 738 1074 792 Δημοτιωνιὸὧν
1105 736 1174 778 καὶ
1204 739 1247 778 τό
1284 735 1591 793 ἀντιγράφῙοῙΒ.
1631 739 1650 778 ὁ
1684 737 1727 778 δὲ
1759 738 1966 793 ἐσαγαγὼν

383 901 469 934 cent
482 899 590 933 v.117
602 909 699 942 sqq.:
726 897 984 943 ἀπογράφεσθαι
1000 903 1060 930 τῶι
1078 899 1217 939 πρώτωι
1236 898 1302 931 ἔτει
1324 897 1346 942 ἢ
1367 899 1405 931 ὧι
1431 897 1470 931 ἂν
1487 898 1524 931 τὸ
1541 898 1681 943 κοῦρεον
1708 897 1781 941 ὀίγει
1797 898 1834 931 τὸ
1860 897 1968 941 ὄνομα

382 957 549 1001 πατρόθεγ
567 957 636 990 καὶ
658 960 727 989 τοῦ
754 956 800 999 δή
814 968 901 999 μου.
941 953 1037 998 Quid
1054 954 1153 988 enim
1175 954 1360 989 attinebat
1377 954 1414 988 id
1433 954 1636 997 ascribere,
1654 954 1685 989 si
1703 954 1901 997 phrateres
1920 953 1969 988 ad

381 1023 498 1047 unum
513 1022 646 1047 omnes
666 1013 697 1051 ἐξ
716 1011 798 1048 Οἴου
815 1013 950 1046 erant?
980 1012 1085 1045 Adde
1101 1011 1201 1057 quod
1217 1012 1446 1046 Decelenses
1458 1011 1495 1046 in
1511 1012 1646 1046 eadem
1662 1011 1831 1055 pliratria
1849 1011 1968 1046 fuisse

384 1073 542 1114 apparet
568 1080 613 1103 ex
638 1070 746 1104 v.64.
767 1069 841 1103 122.
965 1071 1010 1103 11
1040 1068 1093 1103 De
1120 1070 1311 1114 διαδικασίᾳ
1336 1069 1453 1103 litium
1482 1068 1715 1113 privatarum
1743 1079 1880 1113 genere
1907 1068 1970 1103 hic

382 1138 459 1161 non
487 1126 559 1161 dici
576 1130 712 1170 sponte
731 1129 846 1170 patet.
888 1126 1006 1160 Immo
1031 1127 1231 1166 ὖιαῦικάζειν
1257 1125 1355 1160 idem
1375 1129 1433 1161 est
1451 1121 1563 1170 atque
1581 1126 1618 1160 in
1639 1126 1836 1160 demorum
1855 1126 1970 1160 rebus

383 1185 656 1230 διαψηφίζεσθαι,
688 1183 743 1217 i.e.
775 1183 835 1217 ius
867 1193 997 1216 eorum
1032 1182 1096 1227 qui
1130 1193 1197 1226 pro
1231 1183 1471 1227 phrateribus
1503 1194 1544 1218 se
1577 1187 1714 1228 gerunt
1747 1183 1968 1227 singillatim

381 1240 600 1276 examinare
629 1242 665 1274 et
691 1239 878 1284 suffragiis
905 1239 949 1273 de
977 1249 1021 1274 eo
1049 1239 1263 1274 decernere.
1313 1240 1438 1284 Ipsum
1474 1243 1736 1287 διαψηφίζεσθαι
1762 1240 1883 1276 semel
1908 1250 1969 1275 oc-

381 1298 496 1332 currit
521 1308 553 1331 v.
573 1296 627 1332 83.
677 1297 763 1331 Vice
790 1307 901 1331 versa
934 1296 979 1331 de
1011 1297 1065 1331 eis
1097 1298 1158 1342 qui
1189 1308 1256 1342 per
1287 1298 1389 1332 hanc
1421 1298 1664 1333 occasionem
1692 1297 1882 1333 eiciuntur
1907 1298 1969 1332 hic

380 1356 601 1400 plerumque
626 1356 667 1388 ut
688 1354 726 1389 in
745 1354 863 1389 demis
888 1356 1164 1400 ἀποψηφίζεσθαι
1189 1358 1396 1398 usurpatur
1422 1359 1466 1398 (v.
1487 1356 1541 1390 31.
1566 1356 1622 1390 38.
1645 1355 1700 1390 90.
1724 1356 1779 1390 95.
1803 1355 1856 1390 98.
1878 1354 1968 1399 100),

380 1412 448 1448 sed
473 1413 591 1447 semel
613 1423 648 1446 v.
667 1412 711 1446 22
744 1414 800 1445 τὸν
825 1412 1097 1446 &malzneltem
1130 1414 1197 1446 est.
1250 1412 1425 1447 Ceterum
1458 1412 1542 1457 ipsa
1568 1413 1684 1447 verba
1715 1413 1835 1447 ὁπόσοι
1862 1414 1968 1458 μήπω

381 1471 643 1514 ὃιεῦικάσθηααν
670 1471 898 1512 monstrant,
924 1471 1001 1503 tum
1022 1479 1098 1503 non
1125 1470 1285 1514 primum
1314 1471 1525 1504 institutam
1546 1481 1629 1505 esse
1655 1471 1875 1514 διαδικασίαν,
1901 1469 1969 1505 sed

380 1526 525 1571 pridem
552 1526 668 1560 fuisse
693 1527 730 1560 in
758 1527 840 1570 lege
868 1528 956 1567 (not.
976 1526 1043 1568 12),
1075 1527 1142 1560 sed
1176 1527 1355 1571 proximis
1383 1531 1470 1562 ante
1498 1528 1571 1562 hoc
1598 1528 1791 1562 decretum
1823 1529 1969 1571 tempo-

380 1583 494 1628 ribus,
527 1584 609 1617 sine
644 1583 756 1617 dubio
787 1586 941 1628 propter
974 1583 1061 1617 belli
1094 1584 1414 1628 Peloponnesiaci
1446 1586 1550 1619 mala
1583 1595 1742 1629 quorum
1777 1584 1968 1629 phratriae

381 1650 478 1685 quae
497 1640 680 1675 Deceleae
700 1641 830 1675 sedem
857 1641 1013 1676 haberet
1036 1651 1282 1686 praecipuam
1303 1644 1443 1676 sortem
1465 1642 1645 1686 obtigisse
1665 1646 1968 1676 consentaneum

381 1701 449 1741 est,
474 1698 512 1732 id
538 1697 783 1732 multifariam
810 1698 1026 1742 neglectum
1054 1708 1148 1732 esse.
1194 1699 1315 1743 Quare
1342 1700 1501 1743 primum
1522 1699 1671 1743 quidem
1691 1706 1733 1739 (V.
1755 1700 1830 1733 14-
1847 1700 1902 1740 26)
1928 1702 1970 1733 ut

381 1756 419 1790 in
447 1755 665 1799 praesentia
700 1766 830 1789 eorum
865 1755 926 1800 qui
955 1755 1031 1790 iam
1063 1755 1254 1799 phratriae
1287 1756 1476 1790 intersunt
1505 1756 1588 1790 iura
1621 1760 1798 1790 accurate
1828 1756 1970 1791 exami-

383 1815 521 1847 nentur
546 1812 786 1856 praecipitur,
814 1813 951 1847 deinde
970 1817 1012 1855 (v.
1032 1812 1178 1854 26-68)
1205 1813 1241 1847 in
1269 1814 1453 1858 reliquum
1481 1816 1629 1857 tempus
1653 1813 1743 1858 quid
1762 1813 1968 1858 quotannis

383 1870 463 1904 fieri
489 1870 628 1904 debeat
653 1871 902 1905 constituitur.
1026 1873 1074 1904 12
1102 1871 1150 1905 Ut
1176 1870 1258 1905 aliis
1286 1872 1507 1914 corporibus
1542 1874 1578 1904 et
1603 1869 1881 1913 sodalitatibus,
1915 1870 1968 1905 sic

381 1926 556 1972 gentibus
583 1937 731 1971 quoque
765 1937 810 1961 ac
842 1927 1019 1971 phratriis
1051 1927 1191 1962 licebat
1217 1927 1288 1962 sibi
1312 1928 1414 1972 leges
1441 1927 1617 1967 scribere,
1649 1927 1854 1962 dummodo
1888 1938 1968 1962 non

381 1983 572 2019 violarent
605 1985 728 2028 legem
763 1984 879 2019 totius
913 1985 1156 2028 reipublicae.
1212 1984 1263 2019 Cf.
1292 1986 1412 2029 legem
1437 1984 1592 2019 Solonis
1622 1985 1659 2018 in
1684 1984 1885 2019 Iustiniani
1909 1985 1969 2019 Di-

383 2041 498 2086 gestis
516 2041 643 2076 XLVII
662 2042 717 2085 22,
736 2043 767 2076 4.
809 2041 1001 2076 Eiusmodi
1026 2042 1130 2086 leges
1156 2046 1503 2077 commemorantur
1522 2053 1579 2086 ap.
1597 2042 1740 2076 Andoc.
1762 2042 1774 2076 l
1794 2042 1859 2077 127
1886 2044 1970 2089 ἑψη-

383 2101 520 2145 <qiam-to
548 2101 584 2133 δὲ
611 2100 642 2133 οἱ
669 2098 827 2143 Κήρυκες
852 2102 941 2134 κατὰ
964 2101 1020 2134 τὸν
1037 2101 1139 2146 νόμον
1167 2101 1202 2138 ὅς
1229 2101 1314 2134 ἐστιν
1334 2101 1460 2142 αὐτοῖς,
1484 2102 1540 2134 τὸν
1560 2102 1688 2147 πατέρα
1707 2101 1861 2146 εἰσάγειν,
1889 2101 1970 2144 ὀμό-

383 2169 486 2191 σαντα
510 2158 532 2201 ἦ
559 2158 626 2202 μὴν
652 2158 722 2191 υἱὸν
749 2157 828 2191 ὄντα
854 2158 974 2191 ἑαυτοῦ
1001 2157 1156 2203 εἰσάγειν.
1198 2157 1328 2191 Isaeus
1347 2157 1409 2192 VII
1430 2157 1546 2191 1516
1570 2158 1628 2191 καὶ
1651 2157 1767 2203 ἑπειῦὴ
1795 2157 1970 2203 Θαργήλια

382 2214 436 2260 ἦν,
462 2214 568 2260 ἤγαγέ
594 2227 634 2258 με
663 2214 717 2248 ἐπὶ
741 2215 818 2252 τοὺς
847 2215 985 2259 βωμοὺς
1011 2215 1058 2253 εἰς
1082 2216 1160 2253 τοὺς
1186 2216 1347 2261 γεννήτας
1372 2227 1406 2249 τε
1432 2215 1490 2248 καὶ
1509 2216 1687 2260 φράτερας.
1714 2216 1782 2249 ἔστι
1809 2211 1835 2248 δ’
1854 2216 1970 2253 αὐτοῖς

381 2272 486 2315 νόμος
513 2272 529 2305 ὁ
557 2271 666 2314 αὐτός,
695 2272 751 2304 ἐάν
777 2273 812 2305 τέ
836 2286 908 2306 τινα
936 2273 1033 2317 φύσει
1058 2273 1217 2318 γεγονότα
1244 2273 1361 2320 εἰσάγῃ
1387 2286 1436 2310 τις
1463 2273 1519 2306 ἐάν
1545 2286 1580 2306 τε
1606 2274 1756 2318 :mna-riv,
1784 2272 1969 2306 ἐπιτιθέναι

383 2329 491 2362 πίστιν
516 2329 589 2362 κτλ.
624 2328 784 2363 Schoell.
909 2331 959 2363 13
987 2328 1336 2363 Demotionidarum
1363 2340 1439 2364 non
1468 2339 1571 2372 gens,
1599 2329 1666 2364 sed
1691 2329 1775 2373 ipsa
1799 2328 1970 2373 phratria

383 2384 583 2420 indicatur.
630 2385 755 2420 Heroa
790 2397 1019 2430 eponymum
1047 2386 1271 2421 Demotiona
1298 2386 1606 2421 Wilamowitzius
1638 2385 1882 2431 sagacissime
1913 2385 1969 2419 in-

385 2442 541 2487 dagavit
565 2443 603 2477 in
629 2443 773 2477 scholio
803 2445 850 2478 ad
871 2444 975 2488 Verg.
989 2445 1078 2479 Aen.
1092 2444 1134 2478 VI
1149 2444 1204 2487 21,
1230 2444 1295 2478 ubi
1311 2444 1491 2479 demolion
1507 2444 1644 2489 eydaozi
1659 2443 1735 2478 leni
1753 2443 1969 2487 corruptela

385 2510 430 2534 ex
455 2500 635 2545 Δημοτίων
656 2499 829 2538 Κύῦαντος
858 2501 931 2545 (qui
957 2505 1014 2536 est
1040 2501 1139 2535 demi
1158 2501 1452 2546 Cydantidarum
1478 2505 1699 2544 eponymus)
1726 2504 1858 2535 natum
1886 2511 1969 2544 pro-

385 2556 497 2591 bavit.
619 2560 668 2591 14
693 2557 834 2593 Morem
861 2558 1041 2603 suffragia
1066 2559 1105 2593 in
1132 2570 1200 2593 ara
1226 2558 1442 2602 deponendi
1467 2561 1533 2592 aut
1558 2569 1604 2592 ex
1631 2569 1677 2592 ea
1702 2557 1869 2596 tollendi.
1896 2568 1968 2601 quo

385 2614 575 2649 sanctiore
606 2614 786 2659 religione
821 2615 854 2649 ei
888 2617 951 2659 qui
989 2616 1200 2650 decernunt
1237 2616 1534 2659 obstringamur,
1571 2615 1798 2649 testimoniis
1831 2615 1971 2650 Reisch

385 2670 587 2706 illustravit
605 2672 804 2706 Realenc.2
820 2673 834 2707 Ι
852 2672 958 2715 1690;
986 2673 1121 2707 Herod.
1135 2673 1211 2708 VIII
1230 2673 1311 2715 1233
1340 2671 1610 2716 Plat.Legg.VI
1623 2672 1690 2707 753
1705 2672 1747 2715 C;
1775 2672 1968 2707 Demosth.

384 2729 496 2764 XVIII
514 2730 595 2772 1343
628 2728 721 2764 Plut.
741 2730 866 2764 Them.
888 2731 949 2773 173
982 2730 1063 2764 Per.
1083 2730 1137 2764 32.
1264 2733 1312 2765 15
1337 2729 1440 2764 Dem.
1460 2729 1567 2764 XLIV
1585 2730 1646 2764 41:
1680 2731 1741 2764 οὐκ
1767 2731 1969 2776 εἰσηγμένου

385 2784 413 2820 δ’
436 2788 482 2825 εἰς
507 2787 586 2825 τοὺς
612 2788 780 2833 φράτεράς
806 2801 858 2821 πω
885 2790 962 2826 τοὺς
987 2785 1173 2834 Ἀρχιάδου,
1200 2787 1271 2821 ἀλλ’
1294 2788 1409 2831 ἐπειδὴ
1438 2787 1618 2834 ἐνεγράφη,
1642 2792 1827 2833 τηνικαῦτα
1853 2788 1968 2826 πείσας

386 2844 444 2878 ἕνα
467 2845 542 2879 τινὰ
566 2850 631 2878 τῶν
659 2846 832 2890 φρατέρων
866 2845 1045 2890 ἐνέγραψεν
1078 2846 1126 2883 εἰς
1150 2846 1187 2879 τὸ
1215 2846 1416 2891 φρατερικὸν
1449 2849 1694 2890 γραμματεῖον.
1744 2844 1847 2879 Infra
1873 2856 1906 2878 v.
1924 2844 1967 2879 97

385 2903 443 2936 est
468 2902 686 2947 ἑνγραφὲσθω
713 2902 760 2940 εἰς
784 2902 825 2936 τὰ
849 2903 947 2937 κοινὰ
971 2907 1197 2948 γραμματεῖα,
1228 2901 1294 2936 ubi
1324 2901 1481 2945 pluralis
1514 2901 1560 2936 de
1595 2901 1734 2946 duplici
1763 2901 1971 2946 exemplari

386 2960 475 3001 (not.
494 2959 549 3002 16)
574 2958 855 3004 intellegendus
879 2958 1038 3003 videtur,
1066 2959 1295 2994 adiectivum
1313 2969 1404 2994 vero
1425 2958 1521 2994 redit
1547 2959 1647 3003 apud
1663 2960 1812 2994 Isaeum
1830 2959 1893 2995 VH
1909 2959 1967 2993 16:

389 3072 443 3114 10
