2198 3522
261 297 362 333 1268.
839 295 1051 339 Praecepta
1074 294 1265 339 Delphica.
1747 294 1794 329 III
1811 296 1843 329 3.

260 435 356 471 siodi
389 435 449 480 q.f.
476 433 648 470 Chironis
680 432 896 479 praeceptis
927 433 1104 478 incipitur
1137 444 1160 468 a
1193 433 1272 468 deis
1308 433 1493 477 colendis,
1526 433 1605 469 veri
1637 433 1757 469 simile
1788 436 1846 470 est

259 495 337 528 iam
370 494 477 528 sexto
501 492 563 527 vel
595 491 756 536 septimo
790 491 944 526 saeculo
977 492 1074 526 haec
1104 490 1284 535 primaria
1316 490 1469 535 pietatis
1501 494 1708 536 praecepta
1742 494 1844 528 certo

261 550 427 596 quodam
458 549 590 585 ordine
620 551 658 583 et
682 550 767 584 loco
794 548 998 584 sanctitate
1026 548 1230 593 conspicuo
1256 548 1440 593 inscripta
1465 549 1593 584 fuisse.
1634 560 1724 595 ergo
1748 551 1846 586 haec

261 618 409 653 quoque
446 617 561 642 sacra
597 609 806 651 praecepta
848 617 935 641 cum
971 605 1154 651 Delphico
1192 607 1335 650 templo
1373 606 1552 651 coniungi
1591 609 1633 642 ut
1671 607 1845 643 coniectu

259 667 474 710 promptum
499 664 554 699 ita
580 664 817 710 antiquitatis
842 664 1060 699 testimonio
1088 663 1353 699 confirmatum
1380 665 1446 699 est.

349 723 491 758 Extant
529 721 685 757 tabulae
719 721 908 767 quaedam
942 722 1120 767 Δελφικῶν
1154 722 1446 768 παραγγελμάτων
1482 721 1587 757 vario
1622 723 1736 758 modo
1769 734 1846 758 me-

258 780 401 815 moriae
428 780 602 823 traditae.
631 790 788 824 quarum
816 779 988 824 exempla
1014 780 1244 824 gravissima
1268 780 1365 814 haec
1390 782 1496 814 sunt:

351 843 381 877 1.
409 842 433 877 S
452 858 493 872 =
516 842 734 878 Σωσιάῦου
759 849 827 876 τῶν
855 843 940 877 ἑπτὰ
967 848 1079 888 σοφῶν
1108 842 1281 889 ὑποθῆκαι
1307 841 1410 877 Stob.
1429 842 1476 877 III
1493 843 1525 886 1,
1544 843 1611 877 173
1638 842 1726 887 (125,
1742 843 1764 878 3
1780 843 1847 885 Η.).

258 901 333 936 Ine.
354 895 465 936 ’Έπου
498 901 590 936 θεῶι.
633 900 756 946 Νόμωι
788 900 918 935 πείθου.
962 900 1067 938 Θεοὺς
1097 901 1208 946 σέβου.
1250 900 1368 938 Γονεῖς
1399 901 1506 935 αἰδοῦ.
1543 898 1659 935 Ἡττῶ
1686 901 1772 944 [ὕπὸ]
1800 902 1847 934 ’ὀι-

259 959 370 993 καίου.
413 957 526 994 Γνῶθι
554 958 672 1001 μαθών
701 959 776 992 κτλ.
819 960 908 993 sunt
934 958 999 992 147
1026 959 1234 1002 praecepta
1264 958 1362 993 binis
1394 958 1471 993 fere
1496 958 1622 993 verbis
1648 960 1846 1003 concepta,

260 1015 549 1051 christianitatis
575 1016 681 1050 nulla
706 1015 880 1060 vestigia.

351 1080 382 1114 2.
409 1079 436 1114 Ρ
455 1096 496 1110 --
516 1079 864 1124 Gnomologium
896 1079 1164 1114 Parisiense
1197 1079 1291 1122 (Par.
1318 1090 1368 1124 gr.
1396 1080 1495 1123 1630)
1528 1080 1567 1114 in
1598 1079 1847 1115 Boissonadei

257 1137 401 1172 Anecd.
419 1137 433 1171 I
451 1137 516 1172 141
530 1147 611 1182 sqq.
648 1137 777 1171 titulus
804 1136 920 1172 deest.
938 1137 1010 1172 inc.
1031 1136 1168 1182 Μελέτη
1195 1139 1233 1171 τὸ
1259 1141 1335 1171 πᾶν.
1363 1133 1475 1172 Ἔπου
1501 1137 1595 1173 θεῶι.
1631 1137 1716 1173 Θεὸν
1735 1137 1846 1183 σέβου.

255 1190 343 1241 Ὅρα
372 1196 409 1229 τὸ
443 1195 581 1239 μέλλον.
624 1195 757 1233 Πάντας
790 1195 958 1240 φυλάττου
988 1195 1062 1229 κτλ.
1111 1196 1200 1229 sunt
1226 1195 1293 1229 112
1322 1197 1531 1240 praecepta
1562 1194 1734 1229 similiter
1758 1205 1848 1230 con-

260 1255 387 1297 cepta,
426 1252 493 1287 sed
527 1255 658 1297 aucta,
697 1252 859 1295 minuta,
893 1253 1052 1288 variata.
1104 1255 1291 1297 apparent
1323 1252 1483 1298 vestigia
1520 1252 1752 1288 christianae
1788 1264 1848 1288 ra-

261 1310 385 1345 tionis.

351 1373 383 1408 3.
417 1375 444 1409 L
473 1390 512 1403 =
541 1373 890 1419 Gnomologium
924 1373 1287 1409 Laurentianum
1327 1373 1446 1416 (Laur.
1472 1373 1527 1417 60,
1551 1374 1594 1416 4).
1650 1373 1708 1408 ed.
1739 1373 1845 1408 Ferd.

259 1431 411 1467 Schultz
436 1431 475 1466 in
501 1432 634 1466 Philol.
652 1431 766 1467 XXIV
789 1431 901 1475 (1866)
927 1431 993 1466 193
1008 1442 1087 1476 sqq.
1129 1432 1202 1466 inc.
1223 1431 1299 1466 Τῶν
1326 1431 1411 1466 ἑπτὰ
1443 1437 1556 1477 σοφῶν
1583 1431 1847 1478 παραγγέλματα

257 1490 353 1524 ἅτινα
378 1489 568 1537 εὖρὲθηῦαν
587 1490 830 1534 κεκολαμμένα
856 1490 911 1524 ἐπὶ
936 1494 993 1524 τοῦ
1021 1490 1054 1523 ἐν
1074 1488 1222 1535 Δελφοῖς
1248 1490 1373 1527 κίονος.
1410 1485 1606 1524 1Πο.”Επου
1630 1489 1724 1524 Sedit.
1764 1488 1846 1524 Θεὸν

260 1547 368 1593 σέβου.
422 1546 493 1591 Ορα
523 1548 560 1581 τὸ
588 1547 724 1590 μέλλον.
767 1547 880 1582 Πάντα
907 1547 1076 1592 φυλάττου
1111 1548 1183 1581 κτλ.
1228 1549 1318 1581 sunt
1343 1546 1387 1581 93
1411 1548 1618 1590 praecepta
1642 1556 1759 1591 prope
1785 1556 1846 1581 ac-

260 1604 436 1639 cedentia
460 1604 526 1639 illa
554 1604 602 1639 ad
625 1604 654 1638 P
681 1606 718 1638 et
743 1604 924 1649 pleraque
951 1615 1122 1649 congrua
1148 1605 1263 1639 etiam
1291 1614 1377 1638 cum
1404 1603 1440 1638 S.

350 1668 383 1702 4.
409 1667 511 1702 St=
530 1668 919 1702 Hermeneumata
954 1666 1281 1712 graecolatina
1313 1666 1547 1710 Stephani.
1592 1666 1701 1711 Corp.
1725 1666 1846 1702 Gloss.

258 1725 414 1760 111286b
432 1725 476 1760 18
491 1735 570 1770 sqq.
612 1725 752 1759 Latina
777 1725 862 1760 sola
888 1727 976 1759 sunt
1001 1725 1179 1769 genuina,
1207 1725 1371 1760 fortasse
1398 1727 1488 1759 ante
1514 1724 1561 1758 III
1586 1735 1620 1768 p.
1639 1724 1721 1759 Chr.
1745 1734 1845 1759 saec,

260 1793 307 1817 ex
332 1793 470 1827 graeco
487 1793 618 1826 versa,
644 1782 712 1817 sed
737 1793 834 1827 quae
860 1793 962 1817 nunc
989 1784 1143 1817 exstant
1169 1793 1308 1827 graeca
1334 1785 1421 1817 sunt
1446 1781 1675 1817 secundaria
1701 1783 1736 1816 et
1761 1781 1847 1816 ridi-

260 1840 353 1875 culis
378 1840 486 1875 latini
509 1840 672 1884 exempli
688 1840 788 1874 vitiis
807 1839 966 1874 fideliter
984 1839 1235 1884 obsequentia
1252 1839 1364 1882 (velut
1380 1839 1473 1874 386b
1490 1839 1535 1874 20
1551 1851 1689 1874 morere
1700 1843 1848 1884 propter

258 1910 300 1933 ea
324 1897 480 1932 vertitur
515 1899 618 1932 θανοῦ
655 1898 694 1931 δι’
717 1898 812 1939 αὐτά,
846 1897 909 1931 ubi
943 1908 988 1931 ex
1014 1897 1038 1932 S
1058 1897 1125 1932 132
1150 1897 1176 1932 Ρ
1195 1897 1239 1931 84
1264 1898 1292 1932 L
1310 1897 1355 1932 75
1379 1907 1509 1932 verum
1544 1897 1752 1932 restituitur
1776 1909 1846 1942 pro

255 1956 406 2001 patria).
444 1955 589 1990 titulus:
616 1955 813 2000 Praecepta
837 1955 880 1990 in
896 1955 1046 2000 Delphis
1070 1955 1114 1990 in
1138 1956 1308 1990 columna
1330 1955 1467 2000 scripta
1483 1959 1587 1989 sunt:
1618 1955 1725 1990 Seeus
1741 1955 1846 1989 deum

261 2014 294 2057 [l.
329 2013 488 2058 Sequere,
526 2023 686 2056 graecus
724 2012 872 2057 stupide
912 2013 1053 2059 πλησίον
1087 2013 1279 2055 vertebat;
1319 2012 1364 2047 de
1400 2025 1501 2048 secus
1534 2012 1580 2047 cf.
1612 2011 1750 2046 Archiv
1774 2011 1797 2046 f.
1823 2012 1845 2046 l.

260 2070 453 2115 Lexicogr.
472 2070 521 2105 IX
537 2069 604 2114 98].
646 2071 763 2106 Deum
787 2071 867 2105 cole.
910 2071 1082 2105 Parentes
1107 2083 1271 2106 reverere.
1314 2070 1409 2105 Sunt
1434 2070 1478 2105 33
1504 2072 1718 2114 praecepta.

353 2129 385 2162 5.
419 2128 444 2163 C
464 2144 504 2157 =
524 2128 711 2163 Catonis
744 2128 1046 2163 distichorum
1072 2128 1086 2162 l
1111 2127 1350 2163 Praefatio
1378 2128 1565 2167 <Bahrens
1591 2127 1696 2162 Poet.
1716 2126 1738 2161 l.
1757 2126 1845 2161 min.

261 2185 308 2220 111
327 2185 395 2220 215
409 2192 485 2230 sq).
527 2185 599 2220 inc.
619 2186 691 2220 Deo
711 2186 887 2231 supplica.
926 2185 1099 2220 Parentes
1125 2197 1221 2220 ama.
1263 2185 1437 2230 C'offlzatos
1462 2186 1541 2220 cole.
1585 2186 1674 2219 sun-t
1696 2184 1741 2219 58
1761 2195 1846 2219 sen-

264 2242 416 2277 tentiae.

354 2299 387 2334 6.
420 2300 476 2334 Ph
504 2317 544 2329 =
570 2300 766 2335 Phaedri
798 2301 906 2345 App.
941 2301 1108 2336 Perott.
1136 2301 1201 2335 111
1236 2303 1279 2344 (p.
1305 2300 1372 2334 126
1390 2310 1443 2345 sq.
1477 2300 1594 2342 Hav.).
1644 2302 1731 2344 post
1763 2311 1847 2345 pro-

263 2358 437 2396 oemium.
471 2368 545 2402 quo
572 2357 756 2402 Apollinis
782 2358 990 2393 adventum
1017 2358 1204 2401 describit,
1230 2358 1407 2402 Pythiam
1433 2358 1590 2392 numine
1613 2357 1731 2392 ictam
1756 2357 1848 2392 facit

262 2415 477 2460 loquentem
498 2419 542 2458 (v.
558 2415 577 2448 7
592 2418 702 2460 sqq.):
728 2416 860 2450 Audite
881 2420 1000 2461 gentes
1018 2416 1118 2451 Delii
1138 2416 1297 2451 monitus
1314 2416 1373 2450 dei
1389 2414 1582 2458 (ί.θ.Ἕπου
1602 2416 1708 2458 θεῶι),
1729 2415 1848 2460 pieta-

264 2477 332 2507 tem
356 2473 467 2516 colite,
493 2476 571 2507 vota
594 2473 736 2518 superis
762 2473 896 2508 reddite
921 2476 990 2508 etc.
1030 2472 1166 2508 desinit
1183 2484 1217 2508 V.
1229 2474 1273 2508 15
1290 2474 1405 2508 malos
1423 2477 1546 2516 cavete,
1571 2473 1669 2508 nulli
1684 2473 1846 2507 nimium

262 2531 403 2566 credite.
446 2532 526 2564 tum
554 2529 810 2574 epimythium.

356 2589 386 2623 7.
418 2588 449 2622 A
474 2604 515 2618 =
540 2588 780 2622 Amenotis
816 2591 1067 2632 praecepta
1098 2591 1251 2623 servata
1282 2589 1320 2624 in
1351 2591 1503 2623 ostraco
1529 2588 1577 2622 III
1603 2600 1631 2623 s.
1654 2590 1743 2622 ante
1769 2587 1845 2622 chr.

265 2645 323 2680 ed.
346 2645 513 2680 Wilcken
539 2645 577 2679 in
603 2644 844 2689 Aegyptiacis
871 2646 1069 2688 (Festschr.
1089 2645 1112 2679 f.
1132 2646 1171 2681 G.
1186 2645 1303 2681 Ebers
1328 2646 1367 2681 L.
1387 2645 1476 2681 1897
1500 2657 1533 2690 p.
1552 2646 1619 2680 143
1634 2648 1736 2690 sqq).
1779 2645 1847 2680 Sa-

265 2702 381 2747 pienti
413 2703 636 2748 aegyptiaco
663 2699 914 2746 Amenhotep‚
949 2702 1010 2747 qui
1042 2703 1111 2737 suit
1141 2703 1211 2738 sub
1245 2701 1460 2748 Amenophi
1483 2703 1541 2745 III,
1574 2702 1757 2747 Delphica
1780 2701 1847 2737 illa

267 2760 535 2803 attribuuntur,
560 2760 627 2795 sed
652 2760 839 2794 rhetorice
865 2760 1002 2804 partim
1030 2760 1272 2804 amplificata,
1299 2760 1622 2806 quemadmodum
1648 2759 1847 2795 Pseudiso-

268 2819 390 2852 crates
425 2821 555 2853 auctor
580 2817 836 2853 Demoniceae
868 2817 1028 2861 praeivit
1059 2818 1116 2861 (cf.
1141 2818 1365 2862 Wendland,
1398 2818 1655 2852 Anaximenes
1686 2816 1725 2851 B.
1744 2816 1845 2861 1905,

266 2885 300 2918 p.
319 2874 364 2909 82
382 2879 483 2920 sqq.).
524 2875 595 2910 ine.
624 2875 790 2921 Φρόνησιν
821 2875 918 2910 ἄσκει
950 2876 1034 2920 μετὰ
1066 2877 1292 2922 &imma-svm.
1337 2874 1479 2921 Ὁμοίως
1512 2875 1611 2913 θεοὺς
1641 2875 1741 2921 σέβου
1767 2876 1844 2918 [καὶ]

267 2933 395 2978 γονέας.
444 2932 616 2968 Βουλεύου
653 2934 712 2977 μὲν
746 2933 887 2978 χρόνωι,
923 2933 1071 2967 συντέλει
1105 2931 1131 2967 δ’
1159 2934 1208 2967 ὅτι
1242 2933 1281 2968 ἂν
1315 2934 1488 2980 πράττζηις
1521 2932 1664 2978 ταχέως.
1715 2934 1847 2966 extant

269 2988 399 3023 decem
424 2989 502 3024 fere
527 2990 753 3033 sententiae,
783 2989 963 3033 pleraque
988 2990 1169 3025 lacerata.
1207 2990 1338 3024 similis
1364 2992 1421 3025 est
1446 2989 1540 3024 ratio
1566 2989 1605 3023 in
1631 2988 1844 3034 fragmento

1760 3104 1844 3146 393
