2198 3522
992 779 1072 824 III.

838 895 961 950 Vita
986 897 1213 962 privata.

636 1021 677 1063 1.
710 1019 1040 1065 Instrumenta
1071 1022 1196 1063 iuris
1227 1020 1422 1075 privati.

754 1112 976 1166 Disposuit
1005 1113 1047 1155 E.
1074 1113 1294 1155 Ziebarth.

328 1205 421 1241 luris
453 1204 579 1249 graeci
613 1204 846 1239 documenta
879 1207 1064 1250 quotquot
1097 1207 1135 1239 et
1167 1205 1303 1249 privati
1335 1207 1371 1239 et
1401 1204 1541 1249 publici
1566 1205 1664 1239 inter
1687 1204 1818 1240 titulos

235 1262 487 1306 inveniuntur,
521 1262 754 1307 collegerunt
788 1264 826 1296 et
858 1261 1143 1297 illustraverunt
1176 1262 1270 1297 libro
1295 1262 1370 1296 iam
1405 1262 1626 1306 saepissime
1662 1262 1818 1297 anobis

238 1320 423 1355 adhibito:

327 1378 369 1413 R.
400 1379 572 1423 Dareste,
608 1378 647 1413 B.
684 1378 955 1422 Haussoullier,
989 1379 1052 1412 Th.
1083 1378 1253 1413 Reinach
1288 1379 1444 1413 Recueil
1480 1378 1545 1413 des
1579 1378 1817 1422 inscriptions

369 1436 579 1481 Juridiques
605 1446 788 1481 grecques
816 1436 829 1470 I
855 1437 884 1479 1,
917 1436 1017 1470 1891.
1045 1436 1057 1470 Ι
1083 1436 1114 1480 2,
1142 1436 1240 1470 1892.
1270 1436 1283 1469 Ι
1308 1436 1339 1479 3,
1367 1435 1466 1471 1895.
1494 1436 1524 1470 11
1550 1437 1579 1480 1,
1606 1435 1704 1470 1898.
1732 1435 1761 1470 II
1786 1436 1816 1469 2.

371 1494 402 1538 3,
429 1493 520 1529 1904
547 1496 599 1537 [=
619 1494 734 1529 Inscr.
758 1495 855 1538 jur.].

326 1551 445 1586 Multo
471 1554 571 1586 certe
595 1551 797 1596 largiorem
823 1553 859 1586 et
876 1552 1024 1596 qualem
1042 1552 1155 1596 pauci
1173 1562 1250 1586 uno
1269 1553 1478 1596 conspectu
1496 1551 1818 1596 comprehendere

236 1608 378 1643 callent
402 1619 568 1644 messem
595 1609 746 1654 papyris
763 1609 956 1654 Aegyptiis
983 1610 1157 1654 praeberi
1183 1620 1269 1644 cum
1296 1610 1394 1644 inter
1412 1619 1546 1645 omnes
1565 1609 1666 1644 viros
1685 1609 1818 1644 doctos

235 1669 387 1701 constat
406 1669 485 1701 tum
504 1667 542 1701 in
560 1668 633 1701 hac
653 1678 803 1712 quoque
823 1668 964 1712 sylloge
984 1668 1101 1702 semel
1120 1667 1323 1702 dicendum
1343 1670 1410 1712 est,
1425 1667 1479 1702 ita
1497 1670 1625 1702 tamen
1641 1670 1681 1702 ut
1695 1668 1820 1701 sciant

234 1724 449 1769 quicunque
482 1725 520 1759 in
555 1725 627 1759 illis
662 1724 920 1760 monumentis
954 1725 1144 1767 habitant,
1178 1725 1368 1769 lapidibus
1403 1735 1552 1770 quoque
1587 1725 1817 1760 Graecorum

233 1782 360 1817 inesse
395 1782 622 1817 varietatem
650 1782 842 1827 quandam
870 1783 1095 1827 copiamque
1121 1783 1461 1817 instrumentorum
1488 1782 1580 1818 satis
1605 1782 1709 1817 illam
1736 1783 1819 1828 qui-

235 1838 320 1874 dem
346 1839 536 1882 idoneam,
562 1840 663 1875 unde
682 1851 914 1885 papyrorum
932 1841 1118 1876 memoria
1137 1842 1331 1885 augeatur,
1358 1840 1575 1885 explicetur,
1600 1841 1816 1875 illustretur.

234 1897 289 1932 Ex
313 1899 473 1942 utroque
504 1898 617 1943 igitur
642 1898 748 1933 fonte
773 1898 990 1933 hominibus
1014 1898 1104 1933 iuris
1131 1898 1258 1943 graeci
1284 1898 1463 1933 studiosis
1489 1908 1608 1943 aeque
1635 1898 1702 1932 erit
1724 1898 1818 1932 hau-

234 1955 418 1996 riendum.
465 1956 701 2001 Papyrorum
726 1967 816 1991 vero
842 1958 990 2000 portam
1018 1959 1054 1990 et
1080 1956 1276 1991 introitum
1303 1958 1532 2000 aperuerunt

325 2013 363 2048 L.
380 2013 519 2048 Mitteis
545 2016 582 2048 et
605 2014 644 2048 U.
665 2014 835 2049 Wilcken
862 2013 1084 2058 Grundzilge
1117 2013 1196 2048 und
1221 2013 1524 2048 Chrestomathie
1551 2013 1616 2048 der
1634 2014 1818 2057 Papyrus-

234 2070 359 2106 kunde
386 2070 484 2105 1912.
580 2071 594 2105 Ι
619 2071 871 2107 Historischer
895 2072 973 2106 Teil
999 2071 1202 2115 (Wilcken).
1250 2073 1280 2106 1.
1308 2071 1545 2115 Grundziige.
1587 2072 1618 2105 2.
1645 2070 1818 2106 Chresto-

234 2128 385 2164 mathie.
481 2129 511 2163 II
538 2128 777 2164 Juristischer
795 2129 871 2164 Teil
899 2129 1069 2172 (Mitteis).
1112 2130 1142 2165 1.
1168 2129 1405 2173 Grundziige.
1447 2129 1478 2163 2.
1506 2128 1817 2164 Chrestomathie.

797 2242 834 2284 1.
867 2242 1050 2285 Servitus
1084 2242 1256 2285 itineris.

322 2317 495 2361 Δ1182.
527 2325 698 2368 Ephesi
720 2325 758 2359 in
776 2325 956 2370 Astyagis
982 2326 1084 2361 turri.
1119 2326 1210 2362 Edd.
1235 2325 1432 2361 Benndorf
1455 2325 1643 2361 Festschr.
1662 2318 1818 2369 'Kiepert

236 2381 336 2425 1898,
363 2381 431 2416 250
449 2398 489 2411 τ-
509 2381 679 2417 Jahresh.
707 2382 738 2416 ΙΙ
761 2382 876 2419 Beibl.
895 2384 938 2417 27
965 2384 1134 2428 Ephesos
1159 2384 1173 2418 Ι
1200 2385 1257 2427 17;
1286 2383 1392 2419 SGDI
1415 2383 1505 2418 5597
1531 2383 1675 2427 (Michel
1701 2384 1816 2428 1353);

237 2439 282 2474 cf.
301 2438 342 2474 U.
358 2438 403 2474 de
417 2438 952 2476 Wilamowitz-Moellendorff
972 2442 1095 2476 Herm.
1111 2441 1258 2477 XXXIV
1277 2441 1377 2486 1899,
1392 2440 1474 2485 2093
1499 2441 1671 2476 Wilhelm
1693 2441 1731 2475 Z.
1747 2443 1817 2475 ost.

237 2496 369 2541 Gymn.
388 2496 491 2540 1913,
509 2496 586 2531 688.
1682 2499 1767 2542 [Zia]

589 2569 642 2623 (v.
665 2570 849 2610 2-11α
880 2569 1109 2610 citavimus
1139 2584 1180 2610 oz.
1206 2571 1291 2611 936
1321 2571 1457 2625 not.)1

236 2643 450 2698 λαψόμεθα
482 2642 525 2684 δὲ
556 2644 776 2698 λατόμιαὲ,
817 2645 926 2697 [ὅ]σα
957 2643 1104 2686 ἔνεστιν
1126 2644 1130 2700 l
1150 2646 1190 2687 ἐν
1222 2649 1287 2700 τῆι
1317 2650 1387 2701 γῆι
1417 2646 1570 2700 ταύτηι,
1604 2647 1628 2699 ἣ
1663 2643 1816 2700 σκληρὰ

236 2714 261 2766 ἢ
292 2712 459 2768 πώρινα.
491 2713 733 2768 χρησόμεθα
765 2713 821 2759 εἰς
851 2710 901 2753 τὰ
934 2712 1033 2769 ἔργα
1064 2712 1131 2754 καὶ
1164 2715 1306 2769 ὁῧοῦὃ,
1328 2716 1330 2748 'i
1352 2717 1454 2755 ὥστε
1484 2712 1695 2770 προσάγειν
1727 2712 1816 2759 τοὺς

327 2808 470 2845 Titulus
501 2818 586 2843 cum
619 2809 806 2853 pertineat
840 2808 889 2844 ad
920 2819 1067 2844 murum
1100 2820 1122 2844 a
1147 2810 1373 2855 Lysimacho
1400 2812 1633 2845 exstructum
1660 2809 1758 2844 inter
1784 2820 1815 2844 a.

236 2865 314 2900 fere
344 2864 529 2901 290—280
561 2866 798 2910 conscriptus
832 2867 900 2902 est.
1044 2869 1060 2901 1
1097 2867 1341 2912 Magistratus
1373 2868 1503 2902 locant
1535 2876 1667 2911 agrum
1698 2866 1817 2910 publi-

238 2933 324 2957 cum
350 2923 414 2967 qui
442 2922 511 2957 fuit
534 2922 737 2958 liberorum
764 2923 1012 2968 Clitophontis
1038 2924 1092 2959 ita
1117 2927 1160 2959 ut
1186 2928 1301 2960 antea
1325 2925 1452 2970 partiti
1477 2926 1566 2959 sunt
1592 2925 1712 2968 (mach
1738 2925 1817 2959 dem

239 2980 637 3028 Parzellierunqsplan‘
665 2981 766 3024 Wil.).
818 2981 1019 3025 Excipiunt
1051 2981 1211 3026 primum
1246 2983 1291 3018 ad
1324 2983 1414 3017 litus
1447 2982 1580 3026 maris,
1613 2982 1712 3027 quod
1743 2981 1817 3017 illis

1469 3039 1542 3073 22*

1735 3098 1816 3139 339
