2198 3522
122 265 202 300 985.
773 259 1047 304 Philadelphia.
1623 263 1655 297 11
1671 264 1704 297 1.

124 402 272 438 diceam
289 411 403 446 supra
420 401 496 434 not.
509 400 530 433 7
549 399 891 433 commemoratam
910 408 1020 433 suum
1038 397 1077 432 in
1093 408 1204 432 usum
1222 398 1345 439 vertit,
1364 399 1410 432 cf.
1426 399 1544 435 K.-Pr.
1559 401 1707 436 LReise

125 459 339 503 (Denkschr.
355 457 460 491 Wien
478 456 566 498 L111)
582 456 638 491 55.
682 454 916 490 Brinkmann
947 455 1016 489 Rh.
1033 455 1128 490 Mus.
1147 455 1259 490 LXVI
1276 455 1377 499 1911,
1395 456 1473 490 616.
1513 456 1627 492 Plura
1660 458 1705 492 de

124 517 267 552 Virtute
293 515 464 550 dedimus
489 515 567 548 not.
584 513 604 547 7
631 515 669 548 et
693 513 748 548 10.
895 514 944 547 10
975 513 1092 547 K.-Pr.
1119 512 1370 557 supplendum
1396 517 1614 557 proponunt
1639 517 1707 558 [καὶ

124 574 362 620 Σωφροσύνης]
384 571 446 606 vel
471 573 537 614 [καὶ
555 568 752 615 Ἁρμονίας).
789 569 970 605 Desidero
988 569 1159 615 Hygiam,
1187 581 1300 615 quam
1317 570 1415 604 inter
1433 570 1524 605 deos
1544 570 1706 618 Σωτῆρας

124 642 169 667 eo
193 630 317 665 minus
342 628 507 664 defuisse
531 628 753 672 putaverim,
781 638 866 662 cum
886 628 1018 662 titulus
1036 627 1194 672 incipiat
1213 638 1236 662 a
1252 627 1378 662 verbis
1396 625 1447 675 ἐφ’
1463 628 1616 675 ὑγιείαι
1640 631 1711 672 καῇ

121 693 234 734 κοινῆι
264 687 446 733 σωτηρίαι)
495 686 650 721 Accedit
685 685 787 730 quod
814 696 899 720 cum
927 685 1035 720 Pluto
1062 685 1286 730 saepissime
1311 685 1432 730 Hygia
1458 685 1710 731 coniungitur.

123 745 174 780 Cf.
201 744 377 779 Huebner
401 744 449 778 1.1.
473 744 540 778 257
556 754 634 788 sqq.
662 743 746 786 2643
783 743 822 777 B.
841 742 922 777 Keil
946 742 1004 777 Lc.
1028 743 1082 777 37.
1107 743 1167 786 463
1201 742 1413 777 Weinreich
1445 742 1534 778 Sitz.
1558 744 1639 778 Ber.
1661 745 1712 779 l.l.

122 802 221 850 Quid
247 801 347 836 enim
365 801 495 836 Plutus
521 800 677 845 prodest
701 799 782 836 sine
801 800 1049 835 Valetudine‘?
1088 801 1293 845 Telephum
1314 801 1449 836 audias
1468 801 1711 846 Euripideum

123 861 203 905 (frg.
217 860 284 895 714
298 861 388 903 N.2):
415 860 445 893 τί
469 860 530 906 γάρ
558 872 599 903 με
618 859 765 897 πλοῦτος
784 859 913 905 ὠφελεῖ
929 860 1018 904 νόσῳ
1037 859 1191 904 (βαρύν);
1219 857 1327 905 σμίκρ’
1350 858 1388 894 ἂν
1407 858 1543 905 θέλοιμι
1561 861 1618 893 καὶ
1635 860 1712 894 καθ’

121 918 254 964 ἡμέραν
281 918 383 964 ἔχων,
409 917 539 954 ἄλυπος
565 918 672 951 οἰκεῖν
699 917 829 962 μᾶλλον
854 917 876 962 ἢ
905 918 1061 952 πλουτῶν
1086 921 1208 951 νοσεῖν.
1251 917 1297 952 Et
1321 917 1359 951 in
1384 915 1548 961 Orphico
1566 917 1712 962 Hygiae

121 976 266 1020 hymno
291 974 450 1020 legimus
475 974 579 1018 (683):
607 979 665 1009 σοῦ
686 976 748 1021 γὰρ
773 975 851 1021 ἄτερ
872 972 963 1009 πάντ’
987 975 1073 1009 ἐστὶν
1092 972 1259 1021 ἀνωφελὲ
1282 975 1527 1021 ἀνθρώποισιν·
1555 974 1631 1009 οὔτε
1649 976 1712 1021 γὰρ

123 1033 310 1079 ὀλβοδότης
329 1032 481 1070 Πλοῦτος
498 1033 662 1079 γλυκερὸς
685 1032 844 1080 θαλίῃσιν
862 1033 934 1067 κτλ.
967 1032 1170 1067 Artissima
1188 1032 1286 1067 Pluti
1304 1042 1389 1067 cum
1408 1032 1529 1077 Hygia
1547 1032 1713 1067 necessi-

123 1090 215 1125 tudo
239 1090 316 1125 iam
343 1100 390 1124 ex
415 1101 459 1125 eo
486 1090 619 1133 elucet,
648 1089 748 1134 quod
770 1101 849 1124 una
866 1101 962 1125 voce
981 1090 1201 1136 πλουθυγίεια
1223 1091 1377 1134 saepius
1393 1091 1451 1124 usi
1469 1092 1560 1125 sunt
1577 1090 1712 1125 Graeci

122 1148 210 1182 inde
237 1147 284 1182 ab
303 1147 568 1192 Aristophane.
611 1147 682 1192 Qui
702 1147 847 1182 Av.732
862 1158 916 1192 sq.
938 1148 1174 1193 πλουθυγίειαν
1202 1150 1240 1182 et
1265 1149 1482 1192 εὐδαιμονίαν
1507 1147 1714 1192 coniunxit,

123 1206 227 1241 haud
252 1205 362 1240 aliter
387 1215 433 1240 ac
459 1205 663 1249 Dionysius
689 1205 808 1244 Pluto,
834 1205 1132 1245 Eudaemoniae,
1162 1205 1306 1250 Hygiae
1334 1205 1377 1247 (si
1401 1207 1503 1240 recte
1529 1205 1603 1240 hoc
1628 1215 1715 1249 sup-

123 1263 322 1308 plevimus)
350 1273 438 1298 aras
465 1263 582 1308 ponit.
625 1263 681 1297 Ad
708 1263 890 1306 populare
916 1263 1145 1298 Boeotorum
1173 1273 1328 1297 carmen
1356 1263 1418 1302 ἔξω
1446 1263 1619 1308 βούλιμον,
1645 1262 1713 1296 ἔσω

125 1321 162 1354 δὲ
187 1321 333 1355 πλοῦτον
351 1321 408 1354 καὶ
433 1320 559 1367 ὑγίειαν
578 1320 653 1354 iam
673 1320 851 1354 Huebner
870 1320 1026 1364 relegat,
1050 1320 1218 1364 itemque
1238 1320 1286 1354 ad
1303 1320 1544 1355 notissimum
1564 1319 1711 1354 scolion

124 1377 202 1412 iam
229 1389 252 1413 a
268 1377 431 1412 Platone
449 1379 790 1412 commemoratum
809 1378 966 1424 ὒγιαίνειν
991 1379 1052 1423 μὲν
1077 1378 1212 1423 ἄριστον
1231 1378 1326 1422 ἀνδρὶ
1350 1377 1476 1423 θνατῷ,
1503 1378 1658 1421 δεύτερον
1679 1378 1715 1411 δὲ

127 1436 213 1482 φυὰν
231 1435 336 1469 ’καλὸν
354 1436 522 1481 γενέσθαι,
539 1437 575 1469 τὸ
595 1436 630 1469 δὲ
647 1436 755 1481 τρίτον
774 1435 932 1469 πλουτεῖν
950 1435 1094 1472 ἀδόλως.
1127 1435 1169 1468 In
1187 1435 1373 1469 bonorum
1392 1434 1570 1478 catalogo
1591 1434 1714 1468 Phile-

125 1502 264 1528 moneo
289 1493 404 1535 (Kock
432 1491 678 1534 Com.11496)
711 1492 841 1526 ordine
872 1492 1024 1526 inverso
1056 1492 1214 1535 πλοῦτον,
1244 1492 1368 1538 ὑγίειαν
1400 1492 1617 1527 invenimus
1643 1502 1714 1526 nec

127 1560 206 1584 non
237 1549 466 1585 Posidonius
498 1549 608 1593 (Diels
638 1549 798 1594 Doxogr.
818 1549 897 1592 539,
915 1549 946 1590 9)
983 1549 1167 1583 censebat
1198 1551 1235 1582 τὸ
1269 1549 1424 1594 μέγιστον
1457 1550 1491 1583 ἐν
1523 1548 1716 1595 ἀνθρώποις

128 1608 256 1654 ἀγαθὸν
280 1608 365 1642 εἶναι
390 1607 535 1641 πλοῦτον
559 1608 617 1641 καὶ
642 1607 777 1653 ὑγίειαν.
820 1606 866 1640 Et
889 1606 1041 1650 Orphici
1064 1608 1270 1650 precantur
1294 1606 1432 1650 (hymn.
1450 1606 1543 1649 4020)
1569 1606 1714 1641 πλοῦτον

127 1664 332 1710 πολύολβον,
358 1665 444 1710 ὁμοῦ
471 1661 498 1698 δ’
516 1664 641 1710 ὑγίειαν
661 1665 808 1699 ἄνασσαν
829 1664 884 1706 (cf.
904 1667 1043 1708 Supra).
1083 1663 1204 1698 Etiam
1223 1662 1366 1711 Ἀγαθὴν
1384 1663 1500 1712 Τύχην
1521 1666 1608 1708 apte
1629 1674 1714 1698 cum

128 1722 236 1757 Pluto
263 1724 299 1757 et
315 1720 434 1766 Hygia
460 1721 640 1766 coniungi
664 1720 850 1756 evincitur
872 1723 908 1756 et
925 1721 1160 1766 genealogia,
1188 1732 1262 1766 qua
1280 1721 1338 1756 usi
1355 1721 1503 1756 Plutum
1523 1723 1715 1757 Fortunae

128 1779 244 1815 filium
271 1789 354 1814 esse
372 1779 575 1814 voluerunt
601 1789 646 1814 ac
664 1779 781 1826 Τύχην
810 1779 964 1814 filiolum
983 1779 1134 1814 Plutum
1161 1781 1355 1814 tenentem
1379 1781 1716 1823 repraesentarunt

129 1837 318 1881 (Huebner
335 1836 427 1880 287),
452 1838 489 1871 et
515 1837 684 1871 carmine
710 1836 960 1872 bubulcorum
980 1837 1108 1872 Siculo
1131 1837 1266 1879 (Schol.
1286 1838 1440 1872 Theocr.
1460 1848 1494 1882 p.
1508 1838 1530 1872 3
1548 1837 1715 1878 Wendel)

129 1895 220 1935 δέξαι
251 1895 311 1929 τὰν
337 1894 468 1940 ἀγαθὰν
493 1895 611 1943 τύχαν,
643 1895 735 1934 δέξαι
765 1896 825 1929 τὰν
853 1894 987 1941 ὑγίειαν.
1037 1895 1092 1929 Ne
1127 1895 1322 1939 εὐδαιμονία
1354 1895 1462 1938 desit,
1495 1893 1603 1929 cuius
1633 1905 1717 1939 per-

128 1962 250 1986 sonae
276 1962 384 1987 aram
408 1962 524 1997 supra
540 1951 726 1987 habemus
746 1952 804 1994 (cf.
823 1955 899 1987 not.
914 1952 958 1996 7),
984 1951 1209 1996 Ariphronis
1229 1954 1345 1987 affero
1363 1953 1561 1997 hymnum:
1580 1950 1716 1998 Ὗγίεια,

129 2009 310 2056 πρεσβίστα
331 2011 493 2055 μακάρων
584 2011 744 2057 πρόφρων
764 2011 919 2048 σύνοικος
940 2010 1013 2055 εἴης
1033 2012 1103 2051 (est
1121 2020 1220 2054 ergo,
1242 2020 1308 2044 cur
1325 2009 1548 2053 Dionysium
1568 2019 1718 2054 quoque

130 2077 215 2102 eam
240 2066 279 2101 in
305 2076 399 2101 oeco
425 2077 493 2101 suo
513 2067 728 2112 neglexisse
746 2067 903 2102 minime
921 2067 1155 2111 putaverim).
1194 2068 1222 2101 εἰ
1240 2068 1302 2112 γάρ
1328 2081 1377 2106 τις
1402 2067 1424 2112 ἢ
1448 2067 1597 2101 πλούτου
1619 2067 1717 2114 χάρις

129 2123 202 2170 ἢ--
226 2123 301 2170 ἢ-..
333 2126 553 2169 (sequuntur
587 2124 664 2159 alia
690 2125 802 2166 bona)
830 2127 915 2170 μετὰ
940 2130 1023 2168 σεῖο,
1057 2127 1170 2172 μάκαρ
1190 2122 1324 2171 Ὑγίεια,
1355 2124 1479 2158 τέθαλε
1505 2125 1636 2168 [πάντα]
1661 2126 1718 2158 καὶ

131 2181 258 2225 λάμπει
281 2209 320 2215 --
347 2183 442 2216 σέθεν
469 2182 506 2216 δὲ
529 2182 635 2229 χωρὶς
662 2181 750 2220 οὔτις
776 2182 945 2227 εὐδαίμων
973 2183 1072 2228 (ἔφυ).
1122 2181 1218 2226 Quid
1244 2181 1344 2227 quod
1370 2181 1484 2217 etiam
1511 2181 1717 2216 Tssleclides

132 2237 246 2282 (Kock
268 2237 376 2281 1220)
411 2239 557 2273 πλοῦτον
587 2236 612 2273 τ’
638 2239 852 2284 εὐδαιμονίαν
884 2239 1106 2284 coniungit?
1158 2239 1215 2274 Ad
1239 2239 1388 2274 Plutum
1425 2239 1572 2274 accedit
1596 2239 1719 2274 Virtus

133 2297 221 2338 (not.
239 2295 283 2339 9),
315 2296 452 2341 πλούτῳ
484 2296 597 2339 enim,
629 2297 672 2331 ut
706 2295 760 2330 ait
792 2295 979 2331 Hesiodus
1012 2296 1090 2340 (Op.
1109 2296 1201 2340 312),
1233 2297 1337 2343 ἀρετὴ
1370 2298 1428 2331 καὶ
1458 2298 1561 2335 κῦδος
1597 2298 1720 2343 ὀπηδεῖ

133 2353 252 2397 (plura
286 2353 385 2397 apud
415 2353 560 2388 Huebn.
580 2353 670 2395 244).
719 2353 932 2388 Sanitatem
965 2353 1069 2388 addit
1098 2353 1235 2398 Isyllus
1260 2353 1484 2398 Epidaurius
1517 2364 1602 2388 cum
1636 2364 1720 2397 pre-

133 2411 256 2445 catur:
293 2411 413 2456 ἐρατὰν
440 2411 563 2458 ὑγίειαν
589 2412 648 2445 τὰν
673 2410 928 2457 καλοκαγαθίαν
953 2408 979 2445 τ’
1007 2412 1118 2456 (quod
1143 2410 1243 2446 idem
1270 2411 1372 2446 valet
1398 2413 1512 2456 atque
1537 2412 1650 2457 ἀρετή)
1676 2441 1718 2445 --

133 2469 190 2502 καὶ
215 2471 361 2503 πλοῦτον
382 2469 538 2514 ἀμεμφῆ.
582 2468 659 2504 Sed
684 2469 866 2513 optimum
892 2468 1061 2503 omnium
1086 2468 1393 2504 testimoniorum
1413 2469 1575 2505 Crantor
1598 2469 1720 2513 philo-

136 2525 278 2569 sophus
303 2526 520 2570 suppeditat
545 2526 624 2570 (srg.
642 2526 687 2560 13
712 2526 866 2570 Kayser,
894 2526 994 2561 Sext.
1014 2526 1150 2571 Empir.
1176 2526 1261 2561 adv.
1284 2527 1402 2561 math.
1426 2526 1474 2561 XI
1493 2527 1561 2571 51),
1595 2526 1658 2571 qui
1681 2526 1719 2560 in

136 2581 225 2616 ficto
256 2583 463 2618 certamine
489 2583 652 2627 Plutum,
678 2583 931 2627 Voluptatem,
962 2584 1132 2628 Hygiam,
1159 2583 1343 2619 Virtutem
1375 2584 1651 2618 contendentes
1681 2584 1719 2618 in

138 2648 317 2674 scaenam
348 2640 497 2675 inducit
533 2641 829 2685 conflictumque
866 2640 916 2674 ad
952 2651 1038 2675 eum
1075 2641 1248 2685 perducit
1281 2642 1412 2684 finem,
1449 2643 1492 2676 ut
1523 2643 1652 2676 τούτων
1677 2669 1720 2675 --

138 2697 338 2735 ἀκούσαντες
371 2699 403 2732 οἱ
423 2693 593 2745 (Έλληνες
625 2699 668 2732 τὰ
701 2700 761 2745 μὲν
796 2703 949 2744 πρωτεῖα
980 2700 1022 2746 τῇ
1055 2699 1158 2746 ἀρετῇ
1192 2699 1435 2742 ἀποδώσουσιν,
1467 2699 1508 2733 τὰ
1542 2700 1577 2732 δὲ
1611 2699 1721 2732 δευτε-

141 2757 215 2799 ρεῖα
242 2755 285 2802 τῇ
316 2754 433 2801 ὑγιείᾳ,
464 2757 507 2790 τὰ
545 2757 581 2790 δὲ
613 2757 707 2802 τρίτα
731 2759 777 2803 τῇ
801 2757 922 2803 ἡδονῇ,
955 2756 1150 2791 τελευταῖον
1177 2756 1214 2790 δὲ
1244 2757 1378 2796 τάξουσι
1401 2757 1458 2791 τὸν
1484 2756 1641 2798 πλοῦτον,
1674 2755 1720 2789 cs.

139 2809 434 2847 v.Wilamowitz
460 2813 637 2858 Antigon.
657 2814 739 2849 Car.
758 2813 836 2848 293.
879 2813 1078 2856 ,Utrumne
1108 2812 1245 2848 divitiis
1270 2813 1445 2848 homines
1472 2824 1521 2848 an
1548 2813 1625 2847 sint
1647 2811 1720 2846 vir-

141 2868 221 2901 tute
252 2867 368 2902 beati‘
401 2871 547 2914 quaerit
570 2871 747 2905 Horatius
779 2872 850 2905 sat.
869 2870 986 2912 11673.
1037 2870 1207 2915 Denique
1240 2872 1453 2906 notandum
1488 2872 1545 2904 est
1576 2871 1614 2903 in
1647 2869 1721 2903 hoc

142 2924 250 2958 titulo
271 2924 451 2960 Virtutem
476 2927 624 2962 Plutum
649 2928 808 2973 Hygiam
836 2928 932 2962 Iovis
963 2929 1004 2961 ut
1028 2928 1084 2962 ita
1109 2927 1232 2962 dicam
1260 2929 1428 2963 asseclas
1454 2938 1551 2970 esse,
1584 2926 1721 2971 quippe

142 2980 206 3025 qui
235 2981 471 3025 potissimum
503 2984 617 3019 donet
647 2987 683 3019 et
706 2985 884 3019 virtutem
910 2987 948 3020 et
972 2984 1122 3020 divitias
1147 2988 1185 3020 et
1209 2985 1485 3026 valetudinem·
1507 2984 1553 3019 cf.
1577 2982 1722 3018 Callim.

1402 3042 1446 3076 8*

1637 3086 1721 3128 115
