2198 3522
426 228 529 264 1020.
1105 228 1341 264 Sacerdotia.¹
1931 229 1962 263 ΙΙ
1979 229 2013 264 2.

430 368 556 423 μίουΒ
591 366 682 415 τοὺς
711 365 1052 424 γεγ[ενημένους]1
1073 367 1148 409 ἀπὸ
1186 371 1256 423 τῆς
1286 369 1452 415 κτίσεως
1483 366 1588 409 κατὰ
1619 368 1765 423 γένος4
1798 369 1913 423 ἱερεῖς
1943 372 2012 410 τοῦ

385 442 407 477 5
433 435 727 494 Πο[σειὸῶ]Ινος
757 440 826 479 τοῦ
857 437 1162 493 κατιδρυθέντος
1194 435 1267 478 ὑπὸ
1300 440 1376 478 τῶν
1398 437 1468 493 τὴν
1492 437 1692 491 ἀποικί[αν
1716 437 1775 491 ἐκ]
1792 435 1797 492 l
1816 435 2016 493 Τροι[ζ]ῆ-
2175 385 2198 541 ἶ

431 506 531 553 νος5
563 506 789 562 ἀγαγόντων
815 506 1039 548 Ποσειδῶνι
1068 504 1136 546 καὶ
1156 504 1456 560 Ἀπόλλῳ[νι]6·
1476 504 1481 562 Ι
1501 503 1596 548 εἰσὶν
1623 505 1666 548 δὲ
1688 506 1729 547 ἐν
1752 505 1870 561 αὖτῆι
1893 507 2013 562 ἱερεῖς

428 577 497 615 τοῦ
529 574 780 622 Ποσειδῶνος
811 574 915 617 οἵδε·
2172 564 2198 610 3¹

306 670 346 711 A
369 669 404 710 1.
431 665 624 722 Τελαμὼν
659 667 912 714 Ποσειδῶνος
942 666 1011 721 ἔτη
1130 662 1180 723 ιβ’
1221 666 1264 706 Β
1285 665 1322 707 1.
1354 664 1592 721 Ἀθήνιππος
1642 666 1895 722 (Ἀθηνίππου
1945 672 2015 710 τοῦ

430 733 612 782 Ἀντίδιος
642 734 882 790 Τελαμῶνος
1123 730 1181 780 κζ’
1455 733 1695 789 Ἀθηνίππου
1740 738 1824 790 τοῦ)
1860 734 2017 793 Ἀνδρο-

431 802 601 859 Ὑπέρης
628 803 867 859 Τελαμῶνος
1148 799 1181 822 ⁰

433 928 571 952 munus
603 917 832 961 suscepisset
863 927 965 951 anno
991 916 1069 951 fere
1095 915 1186 950 1104
1210 916 1249 950 id
1273 915 1403 951 iniisse
1428 916 1627 960 probabile
1653 920 1766 962 esset,
1795 918 1942 954 initium
1970 921 2017 955 ad

435 985 576 1009 annum
602 974 702 1018 1194,
734 975 849 1009 finem
881 974 930 1009 ad
954 974 1022 1009 691
1048 984 1082 1008 a.
1101 973 1183 1009 Chr.
1209 972 1353 1008 rettulit
1378 973 1542 1008 Boeckh.
1588 975 1637 1008 At
1661 984 1902 1021 nequaquam
1929 988 2021 1012 con-

435 1034 523 1075 stat,
548 1031 716 1066 Antham
742 1031 804 1077 qui
829 1030 1018 1066 coloniam
1041 1031 1309 1066 Trozeniorum
1336 1030 1650 1066 Halicarnassum
1677 1032 1876 1068 deduxisse
1901 1034 2020 1070 fertur

434 1088 702 1131 (Callimachus
735 1088 836 1133 apud
869 1087 999 1132 Steph.
1023 1089 1111 1133 Byz.
1134 1085 1401 1135 Ἁλικαρνασσός.
1459 1088 1595 1123 Strabo
1616 1089 1695 1124 VIII
1717 1089 1796 1124 374.
1829 1089 1909 1126 XIV
1926 1092 2018 1137 656),

431 1146 534 1180 hunc
551 1145 736 1191 Alcyonei
761 1146 785 1180 f.
803 1156 897 1190 esse,
924 1146 994 1181 etsi
1020 1147 1120 1180 certe
1147 1145 1318 1180 eiusdem
1338 1145 1503 1180 familiae
1522 1145 1602 1190 fuit,
1629 1156 1752 1192 neque
1771 1147 1927 1183 omnino
1945 1149 2018 1184 hae

435 1205 647 1246 temporum
672 1202 841 1238 rationes
867 1214 912 1238 ex
931 1202 1193 1238 Eratosthenis
1219 1203 1376 1238 calculis
1402 1203 1669 1238 diiudicandae
1696 1206 1797 1239 sunt.
1839 1205 1932 1240 Tam
1952 1217 2023 1241 an-

1146 806 1172 843 1)
1460 804 1624 850 σθένους
1984 823 2003 847 ν

434 1260 579 1305 tiquum
610 1259 732 1305 igitur,
764 1271 881 1306 quam
906 1260 1120 1296 Boeckhius
1144 1261 1235 1304 vult,
1267 1260 1464 1305 exemplar
1487 1260 1578 1295 illud
1602 1261 1704 1296 unde
1729 1262 1791 1296 hic
1816 1262 1932 1298 index
1956 1274 2021 1298 ex-

433 1318 595 1361 scriptus
626 1321 682 1353 est
705 1319 769 1353 vix
795 1318 1017 1363 putaverim.
1058 1318 1143 1363 Ipse
1168 1319 1298 1353 titulus
1325 1329 1435 1364 quem
1460 1322 1636 1353 tenemus
1663 1319 1783 1354 altero
1810 1323 1876 1356 aut
1900 1321 2020 1365 primo

433 1386 466 1409 a.
487 1375 571 1410 Chr.
591 1387 626 1410 n.
645 1377 798 1411 saeculo
828 1376 971 1412 incisus
996 1376 1166 1412 videtur.‘
1203 1377 1302 1412 Dttb.
1353 1376 1445 1411 Cum
1469 1376 1581 1421 igitur
1613 1376 1712 1421 prior
1745 1378 1949 1413 columnae
1975 1379 2022 1414 si-

433 1435 577 1468 nistrae
609 1444 715 1478 pars,
752 1434 910 1469 nomina
940 1445 1007 1469 sex
1041 1434 1152 1478 (Boe.)
1192 1437 1257 1469 aut
1291 1434 1423 1469 decem
1459 1436 1524 1468 aut
1554 1435 1682 1478 plura,
1717 1437 1785 1469 aut
1815 1437 2022 1471 memoriae

433 1500 523 1525 vere
556 1491 740 1527 fabularis
778 1495 844 1527 aut
877 1496 1018 1528 temere
1055 1492 1162 1537 ficta,
1199 1492 1320 1527 altera
1352 1503 1443 1527 vero
1477 1492 1648 1527 eiusdem
1686 1493 1889 1528 columnae
1921 1505 2021 1538 pars,

437 1547 565 1583 addito
589 1560 730 1594 magno
757 1552 859 1585 certe
885 1550 1127 1586 sacerdotum
1155 1560 1312 1584 numero
1338 1560 1449 1594 quem
1470 1550 1610 1584 lacuna
1626 1550 1763 1594 hausit,
1789 1553 1827 1585 et
1844 1551 2024 1586 columna

436 1605 571 1641 dextra
605 1617 728 1652 usque
766 1608 815 1642 ad
851 1610 1001 1651 tempus
1038 1607 1085 1642 ab
1124 1618 1215 1643 aera
1247 1607 1463 1643 Christiana
1500 1608 1634 1652 exiguo
1673 1607 1798 1651 spatio
1834 1611 2022 1644 remotum

437 1665 705 1700 transferenda
730 1665 787 1709 sit,
821 1666 980 1709 cogitari
1003 1667 1128 1710 potest
1153 1665 1374 1700 sacerdotes
1399 1665 1486 1699 inde
1513 1665 1663 1699 demum
1691 1665 1739 1700 ab
1765 1666 1894 1710 aliqua
1921 1676 2022 1710 aera,

437 1722 516 1757 sive
548 1733 570 1757 a
603 1722 713 1758 bellis
739 1722 901 1758 Persicis
933 1723 1013 1757 sive
1039 1723 1087 1758 ab
1113 1723 1319 1759 Alexandri
1346 1723 1514 1757 adventu
1540 1727 1585 1764 (a.
1603 1723 1681 1766 334)
1707 1722 1745 1756 in
1773 1723 2024 1768 antiquiorem

437 1780 609 1815 tabulam
641 1781 795 1825 relatos,
825 1781 1019 1816 fabulares
1052 1783 1187 1825 postea
1217 1781 1255 1815 in
1288 1782 1413 1824 capite
1446 1780 1594 1815 additos
1626 1791 1721 1815 esse.
1770 1781 1858 1816 Utut
1890 1792 1950 1816 res
1982 1792 2023 1816 se

436 1839 564 1883 habet,
597 1839 783 1883 integram
809 1841 847 1873 et
871 1841 1075 1884 genumam
1101 1839 1236 1873 seriem
1264 1849 1363 1884 quae
1389 1849 1412 1874 a
1437 1837 1547 1873 Troia
1573 1840 1687 1881 capta
1712 1837 1856 1872 initium
1881 1839 2025 1874 habeat

436 1907 515 1932 non
555 1898 739 1931 tenemus.
780 1917 826 1922 —
865 1897 1049 1941 Exempla
1085 1896 1280 1931 titulorum
1316 1897 1552 1930 vetustorum
1594 1895 1718 1930 denuo
1759 1895 2024 1940 inscriptorum

436 1955 557 1989 habes
597 1954 720 1999 legem
756 1953 941 1989 Milesiam
978 1966 1014 1989 n.
1040 1954 1106 1997 57;
1149 1954 1343 1988 oraculum
1380 1952 1618 1997 Magnetibus
1660 1952 1704 1987 de
1742 1953 1885 1987 Bacchi
1921 1955 2026 1989 cultu

437 2012 568 2047 datum
595 2012 618 2046 I.
637 2012 760 2056 Magn.
779 2012 857 2046 215.
998 2014 1023 2046 3
1048 2015 1310 2047 ΤΟΥΣΘΜΙΟΥ
1336 2010 1509 2045 Brondst.
1534 2014 1790 2046 ΤΟΙΣΟΜΙΟΝ
1817 2010 1912 2046 Dub.
2184 2008 2191 2034 '¹

484 2073 510 2105 4
538 2070 761 2105 Sacerdotia
785 2069 978 2115 gentilicia
1002 2081 1080 2104 non
1106 2069 1236 2104 omnia
1262 2068 1411 2113 quidem
1439 2068 1668 2103 hereditaria
1693 2070 1792 2111 sunt,
1818 2068 1908 2113 quia
1932 2079 2027 2104 non-

438 2138 633 2173 nunquam
659 2138 706 2162 ex
731 2130 814 2162 tota
839 2130 952 2172 gente
977 2127 1165 2171 suffragiis
1191 2125 1386 2171 gentihum
1413 2126 1595 2160 sacerdos
1613 2125 1831 2170 eligebatur.
1874 2125 1949 2161 Sed
1966 2126 2026 2161 hic

437 2186 706 2222 hereditarium
737 2185 994 2220 sacerdotium
1024 2184 1322 2228 intellegendum
1355 2194 1440 2219 esse
1475 2186 1635 2228 apparet
1665 2194 1711 2217 ex
1737 2182 2027 2218 necessitudinis

440 2244 664 2287 ratiombus,
695 2254 794 2288 quae
819 2243 918 2277 inter
942 2242 1164 2277 sacerdotes
1188 2242 1445 2285 intercedunt;
1478 2252 1602 2286 neque
1627 2251 1717 2276 vero
1744 2241 1925 2286 stirpium,
1958 2241 2027 2276 sed

441 2304 610 2337 aetatum
644 2301 816 2335 ordinem
849 2299 1041 2335 hereditas
1067 2299 1308 2344 sequebatur,
1340 2302 1381 2334 ut
1406 2299 1653 2334 Telamonem
1679 2299 1802 2344 gentis
1830 2301 2025 2334 auctorem

443 2361 691 2404 sequerentur
717 2357 783 2392 filii
808 2368 941 2392 omnes
968 2357 1158 2401 deinceps,
1185 2357 1321 2391 deinde
1347 2359 1517 2401 nepotes,
1545 2357 1679 2391 deinde
1702 2359 1943 2401 pronepotes.
1984 2356 2026 2390 In

441 2426 669 2460 unaquaque
696 2418 822 2450 aetate
850 2417 976 2449 autem
1004 2414 1051 2449 ad
1076 2414 1259 2449 maiorem
1286 2414 1441 2450 fratrem
1467 2414 1715 2459 perveniebat
1732 2416 1821 2449 ante
1839 2413 2027 2448 minorem

443 2478 481 2508 et
512 2473 561 2507 ad
592 2472 745 2507 maioris
777 2472 904 2507 fratris
935 2476 1109 2516 posteros
1141 2475 1231 2507 ante
1263 2483 1329 2507 eos
1361 2472 1423 2517 qui
1450 2483 1471 2506 a
1497 2472 1644 2506 minore
1670 2471 1853 2515 originem
1879 2473 2027 2515 repete-

442 2531 547 2565 bant.
585 2530 623 2564 B.
679 2529 786 2574 Quod
823 2529 999 2569 nonnulli
1028 2529 1201 2564 homines
1235 2529 1296 2564 hic
1328 2533 1456 2574 patres
1490 2529 1733 2564 sacerdotum
1766 2531 2027 2573 recensentur,

444 2598 602 2632 quorum
629 2587 787 2622 nomina
805 2587 843 2622 in
863 2587 945 2631 ipso
963 2588 1204 2622 sacerdotum
1222 2587 1408 2622 laterculo
1428 2586 1701 2629 desiderantur,
1727 2585 1764 2619 id
1783 2596 2028 2631 nequaquam

443 2644 621 2680 Boeckhii
644 2645 785 2679 rationi
811 2645 1047 2689 adversatum
1075 2656 1213 2690 nempe
1237 2645 1376 2680 mortui
1400 2647 1490 2679 sunt
1514 2644 1731 2688 priusquam
1749 2643 1787 2678 in
1806 2655 1878 2679 sua
1897 2646 2025 2679 aetate

442 2702 634 2737 hereditas
653 2702 701 2737 ad
719 2713 784 2738 eos
802 2703 1026 2747 perveniret.
1119 2706 1143 2737 5
1161 2706 1426 2738 ΤΡΟΙΣΗΝΟΣ.
1523 2704 1548 2736 6
1571 2705 1769 2737 ΑΠΟΛΛΟ.
1854 2701 1916 2736 ΑΙ
1932 2701 2028 2736 Nus-

447 2772 561 2805 quam
598 2763 795 2804 praeterea
833 2763 1163 2804 commemoratur,
1201 2760 1269 2795 sed
1304 2759 1470 2794 Antham
1505 2757 1670 2803 Neptuni
1707 2762 1744 2793 et
1777 2758 1969 2803 Alcyones
2001 2759 2026 2793 f.

446 2819 566 2861 (Paus
585 2818 687 2862 1130,
706 2818 738 2861 8)
770 2818 882 2852 huius
914 2818 1070 2853 fratrem
1105 2828 1329 2863 germanum
1364 2827 1448 2851 esse
1483 2827 1528 2851 eo
1552 2815 1796 2850 verisimilius
1821 2817 1889 2858 est,
1924 2816 2027 2860 quod

447 2875 665 2911 Telamonis
690 2875 766 2910 filio
785 2875 1002 2919 Alcyoneus
1027 2886 1167 2910 nomen
1195 2875 1263 2909 fuit
1279 2875 1323 2918 (A
1337 2875 1369 2917 6)
1387 2874 1426 2908 B.
1468 2873 1588 2908 Notas
1613 2873 1830 2908 numerales
1857 2873 2025 2907 eiusdem

447 2933 594 2978 generis
618 2932 696 2969 iam
720 2932 760 2968 in
786 2933 943 2978 antiqua
967 2933 1033 2968 illa
1058 2933 1189 2969 tabula
1214 2932 1329 2967 fuisse
1356 2932 1503 2966 censuit
1528 2931 1566 2965 B.
1586 2931 1667 2965 Keil
1687 2930 1940 2966 Herm.XXIX
1956 2930 2024 2965 273

452 3047 534 3089 164
