2198 3522
922 789 979 831 II.

786 904 882 957 Res
920 918 1109 959 sacrae.

251 1016 437 1052 Conferas
461 1016 594 1052 libros:
621 1018 741 1062 Leges
766 1017 994 1053 Graecorum
1021 1028 1155 1053 sacrae
1182 1028 1202 1052 e
1228 1018 1344 1052 titulis
1371 1018 1563 1053 collectae.
1605 1019 1744 1054 IFasti

158 1074 269 1117 sacri,
292 1073 347 1108 ed.
363 1073 387 1108 I.
408 1074 453 1108 de
468 1074 572 1109 Prott
589 1074 680 1109 1896
698 1077 751 1118 [=
766 1086 800 1109 v.
816 1076 943 1119 Prott].
1037 1075 1068 1109 II
1085 1076 1103 1109 1
1130 1075 1247 1120 Leges
1266 1075 1450 1111 Graeciae
1468 1078 1506 1111 et
1521 1076 1743 1119 insularum,

157 1131 215 1166 ed.
241 1133 277 1166 L.
295 1131 437 1166 Ziehen
463 1132 554 1167 1906
579 1134 634 1176 [=
651 1132 817 1176 Ziehen].

424 1247 465 1289 1.
496 1247 689 1301 Templa
721 1248 769 1290 et
801 1247 1016 1301 delubra,
1049 1260 1176 1302 arae,
1208 1248 1481 1291 simulacra.

248 1338 354 1374 Adde
379 1349 415 1373 n.
430 1339 485 1373 93.
511 1338 712 1374 Decretum
732 1338 895 1373 Atticum
923 1339 967 1374 de
993 1340 1136 1374 sacello
1156 1340 1277 1382 Codri,
1303 1339 1418 1383 Nelei,
1440 1340 1588 1375 Basilae
1616 1342 1640 1383 (2
1652 1341 1742 1383 550).

202 1396 280 1431 280.
314 1396 515 1431 Decretum
553 1396 718 1430 Atticum
760 1396 806 1430 de
844 1397 987 1431 sacello
1022 1396 1177 1432 Veneris
1217 1396 1442 1432 Citiensibus
1479 1398 1743 1433 constituendo

157 1453 284 1497 (2551).
425 1454 502 1488 695.
530 1454 749 1498 Magnetum
783 1453 975 1488 decretum
1005 1454 1050 1488 de
1077 1454 1222 1488 Dianae
1248 1453 1573 1498 Leucophryenae
1600 1457 1742 1499 templo

156 1511 420 1546 consecrando
448 1512 471 1553 (2
483 1511 572 1552 552).
697 1510 776 1545 589.
802 1511 1018 1555 Magnetum
1044 1511 1164 1555 legem
1193 1511 1237 1545 de
1262 1511 1350 1546 Iove
1377 1511 1588 1556 Sosipolide
1615 1514 1640 1555 (2
1653 1514 1742 1555 553).

201 1569 280 1603 375.
306 1568 506 1604 Decretum
533 1568 697 1603 Atticum
730 1569 775 1604 de
808 1568 964 1603 delubro
990 1568 1146 1603 Veneris
1172 1568 1359 1613 Πανδήμου
1388 1569 1587 1604 lustrando
1615 1571 1640 1612 (2
1651 1571 1741 1611 556).

201 1626 280 1661 635.
306 1625 614 1670 Amphictionum
649 1626 693 1661 de
729 1626 850 1671 asylia
883 1625 964 1660 fani
998 1626 1094 1661 Ptoii
1127 1626 1321 1660 decretum
1357 1628 1382 1669 (2
1397 1626 1484 1670 557;
1519 1627 1566 1662 cf.
1596 1627 1661 1662 illa
1696 1628 1742 1662 de

155 1684 376 1727 Magnetum
396 1682 517 1727 asylia
534 1683 565 1717 II
580 1683 775 1726 554-562,
795 1683 841 1718 de
859 1683 1033 1718 Teiorum
1052 1683 1175 1727 asylia
1193 1684 1223 1718 II
1239 1684 1345 1728 563]ss
1363 1683 1461 1727 alia).
1571 1685 1649 1720 756.
1672 1685 1741 1720 De-

155 1742 298 1775 cretum
316 1739 483 1775 Atticum
510 1740 555 1775 de
581 1741 724 1775 sacello
743 1741 960 1785 Aesculapii
977 1741 1229 1776 restaurando
1250 1743 1274 1784 (2
1286 1741 1375 1783 558).
1506 1742 1584 1777 338.
1610 1742 1741 1787 Ialysi-

154 1808 260 1832 orum
286 1798 407 1842 legem
434 1808 586 1833 sacram
613 1800 638 1841 (2
654 1798 743 1840 560).
863 1798 941 1833 281.
967 1798 1255 1833 Atheniensium
1281 1799 1476 1834 decretum
1503 1800 1548 1834 de
1574 1799 1741 1835 fontibus

155 1855 277 1890 sacris
304 1854 432 1898 (2580).

246 1911 451 1948 Omisimus
482 1913 702 1957 Magnetum
736 1914 891 1949 decreta
923 1914 968 1948 de
996 1914 1179 1957 Sarapide
1206 1916 1231 1956 (2
1243 1914 1327 1958 554;
1362 1914 1407 1949 cf.
1434 1925 1470 1948 n.
1489 1914 1557 1950 663
1582 1915 1741 1959 Sarapei

150 1969 245 2005 Delii
262 1973 346 2012 res).
463 1970 686 2005 Trimetrum
705 1971 851 2006 Delium
873 1973 896 2014 (2
908 1972 992 2015 564;
1018 1971 1065 2006 cf.
1084 1972 1205 2015 39997‚
1226 1972 1406 2007 Croenert
1425 1971 1546 2006 Goett.
1563 1972 1624 2007 GA
1640 1972 1739 2017 1908,

150 2027 256 2071 1028;
282 2027 331 2063 IG
347 2027 412 2062 XII
429 2027 460 2070 4,
485 2027 596 2070 1300).
726 2030 865 2074 Legem
892 2029 1044 2064 Pariam
1070 2029 1243 2064 mutilam
1271 2030 1296 2069 (2
1311 2029 1397 2072 569;
1424 2029 1567 2064 Ziehen
1587 2029 1676 2072 107).

151 2084 365 2120 Terminum
400 2085 631 2120 Trallianum
669 2086 796 2128 (2573),
835 2086 881 2121 cf.
912 2087 1056 2121 lemma
1093 2086 1351 2130 n.167-170‚
1389 2086 1457 2120 sed
1490 2088 1606 2121 etiam
1641 2087 1738 2121 Keil-

149 2153 185 2177 v.
204 2143 456 2177 Premerstein
482 2142 625 2187 Lydien
644 2143 744 2186 1914,
764 2143 841 2179 103.
860 2144 938 2178 154.
1040 2145 1204 2180 Titulum
1230 2144 1474 2189 Epidaurium
1502 2146 1526 2187 (2
1538 2144 1624 2188 581;
1651 2145 1738 2179 sub-

150 2199 321 2234 stitutum
352 2211 388 2234 n.
406 2199 497 2242 995).
606 2200 790 2235 Rationes
822 2204 1067 2246 quaestorum
1094 2202 1286 2237 Minervae
1319 2204 1356 2236 et
1388 2202 1548 2236 aliorum
1582 2202 1737 2237 deorum

151 2257 297 2292 Atticas
323 2258 348 2300 (2
360 2257 458 2301 586);
561 2257 731 2293 rationes
758 2259 1036 2302 praefectorum
1060 2261 1098 2294 et
1122 2263 1363 2304 quaestorum
1383 2259 1539 2294 dearum
1557 2259 1737 2294 Eleusini-

150 2325 256 2349 arum
284 2325 317 2350 a.
330 2314 437 2360 329s8
463 2317 487 2358 (2
499 2315 594 2358 587);
705 2316 874 2350 rationes
902 2316 1193 2361 hieropoeorum
1218 2317 1402 2361 Apollinis
1428 2316 1522 2351 Delii
1556 2316 1648 2351 anni
1672 2316 1738 2351 180

151 2372 176 2415 (2
187 2371 277 2416 588),
310 2373 447 2407 summi
471 2372 557 2407 illas
576 2373 727 2417 quidem
750 2373 935 2408 momenti
961 2374 1009 2409 ad
1034 2385 1095 2410 res
1119 2375 1294 2419 publicas
1319 2385 1451 2409 sacras
1475 2374 1649 2419 privatas
1675 2384 1737 2408 co-

151 2429 403 2473 gnoscendas,
418 2430 484 2464 sed
503 2440 600 2475 quae
619 2431 753 2465 melius
769 2441 847 2465 una
865 2441 948 2466 cum
967 2431 1150 2467 similibus
1173 2432 1293 2478 iisque
1311 2432 1481 2477 plurimis
1501 2434 1538 2466 et
1555 2431 1736 2476 copiosis-

153 2485 257 2522 simis
281 2489 550 2532 monumentis,
577 2498 674 2533 quae
701 2488 867 2532 corporis
887 2489 999 2523 Attici
1025 2492 1060 2524 et
1077 2490 1219 2525 Deliaci
1246 2489 1430 2524 editiones
1456 2499 1581 2524 novae
1598 2489 1735 2533 partim

153 2542 336 2580 dederunt
359 2544 498 2589 partim
525 2546 732 2580 emendata
757 2547 796 2579 et
821 2547 937 2580 aucta
961 2549 1176 2590 proponent
1199 2546 1476 2582 tractabuntur.

238 2703 340 2746 977.
371 2712 722 2755 Anaphaeorum
749 2713 986 2748 decretum
1009 2714 1064 2750 de
1087 2715 1280 2750 Veneris
1301 2715 1471 2757 templo
1495 2712 1733 2748 condendo

154 2774 274 2802 saec.
297 2767 361 2803 ΙΙ.
411 2768 598 2814 Anaphae
630 2770 669 2804 in
702 2769 886 2814 Apollinis
919 2771 1121 2815 Asgelatae
1155 2772 1257 2817 fano,
1291 2781 1395 2806 nunc
1427 2770 1590 2805 Athenis.
1642 2768 1733 2802 Edd.

155 2821 232 2856 ClG
248 2822 353 2867 24773
385 2825 485 2861 Ross
511 2827 620 2862 Arch.
639 2828 740 2862 Aufs.
761 2828 790 2862 II
807 2828 874 2862 495
901 2828 958 2870 (IG
974 2828 1005 2862 II
1023 2839 1057 2873 p.
1072 2829 1189 2873 1091);
1222 2829 1407 2873 Rangabe
1433 2828 1519 2863 Ant.
1538 2826 1627 2861 Hell.
1646 2825 1731 2867 820;

153 2878 309 2914 Bechtel
334 2881 562 2927 SGD134303
592 2884 640 2919 IG
657 2885 719 2919 XII
737 2885 769 2929 3,
788 2885 856 2919 248
881 2885 1124 2930 (Miche1853‚
1151 2887 1258 2931 Sy11.2
1274 2888 1356 2930 555;
1386 2885 1526 2920 Ziehen
1546 2884 1634 2925 122).
1678 2884 1732 2918 Cf.

153 2935 329 2970 wsshelm
355 2938 473 2974 Goett.
490 2940 552 2974 GA
568 2941 766 2986 1900‚102.
1610 2941 1684 2985 [Hi]

1648 3055 1730 3098 105
