2198 3522
1556 39 1574 230 *vves-‘w‘-
1554 22 1557 32 ζ

411 267 514 303 1021.
1088 268 1322 304 Sacerdotia.
1566 263 1567 269 ’
1918 270 1950 305 11
1966 272 1999 306 2.

414 408 529 454 κίὸας
568 408 735 451 Λυκίὸα.
761 407 765 466 Ι
915 408 1164 464 μάντειςὸ·
1192 407 1196 464 Ι
1222 406 1425 455 Κάλλιτος
1459 405 1593 449 Ἀντία
1635 407 1864 463 Κλυτιάὸης
1906 407 1998 465 Π.,Ι

344 488 389 524 15
417 475 651 524 Παυσανίας
692 477 901 533 Διογένους
929 475 1105 533 Ἰαμίὸης
1142 476 1219 532 Ν.Ι
1367 478 1668 534 κλειδοῦχοι·
1688 472 1888 534 ΙἌρκεσος
1912 475 2002 533 ‘Ap-

415 546 555 601 μοδίου
587 545 645 600 Τ.,
687 545 869 594 Καλλίας
908 546 1141 588 Παυσανίου
1172 544 1240 599 X.‚
1266 543 1436 601 ΙἽππίας
1474 545 1664 602 Χάροπος
1697 547 1761 599 Φ.,
1804 545 2000 602 Μοσχίων

413 615 555 670 Δαμέα
586 615 645 669 Δ.,
666 614 671 672 Ι
691 615 924 663 Παυσανίας
956 615 1168 670 Διογένους
1201 613 1251 654 N.
1273 613 1278 670 Ι
1436 615 1702 670 αὐλητὴςΊ·
1724 613 2000 671 ΙἈρίσταρχος

343 693 390 729 20
412 682 705 740 Ἀριστοκλέους
723 683 823 741 Με.Ι
932 685 1135 739 ἐξηγητή
1148 683 1219 729 ς8·
1239 682 1243 738 Ι
1260 681 1507 739 Πολυχάρης
1522 681 1847 740 Ἀριστοκράτους
1865 683 1919 724 Μ.
1935 683 1940 739 Ι

411 751 878 809 καθημεροθότηςθ·
907 752 910 807 Ι
939 752 1129 807 Ζώπυρος
1176 749 1435 807 Ὀλυμπίχου.
1462 751 1467 808 Ι
1637 750 2000 810 γραμματεύς·Ι

343 834 388 868 25
414 821 684 878 (Ηρακλείὸης
706 819 976 877 ζΗρακλείὸου
1018 820 1067 862 Π.
1089 819 1093 876 Ι
1255 821 1475 876 οἰνοχόος
1491 822 1559 854 10·
1586 819 1590 877 Ι
1610 819 1769 868 Ἀλεξᾶς
1809 822 2000 878 Σόφωνος

414 891 508 933 Δου.
536 891 539 947 Ι
690 888 1247 945 ἐπισπονόορχησταίΠ·
1276 886 1534 944 ΙἘπίκτητ-ος
1571 887 1839 945 Ἡρακλείδου
1885 892 2001 946 Δαυ.,

343 971 390 1006 30
415 959 570 1016 Ἵλαρος
589 957 787 1015 Ἀντιόχου
810 958 918 1011 Δου.,
934 955 1182 1015 ΙἘπίκτητος
1199 954 1473 1014 Ἀφροδεισίου
1496 957 1610 1014 Δου.Ι
1733 954 1897 1007 ξυλεῦς
1912 960 1998 1017 12·Ι

414 1027 602 1083 Εὔθυμος
625 1028 831 1074 Σωτίωνος
854 1026 952 1083 Με.Ι
1069 1028 1358 1082 στεγανόμος
1385 1027 1465 1068 καὶ
1495 1026 1726 1083 μάγειρος
1742 1028 1808 1061 13·
1827 1028 1829 1083 Ι
1845 1027 2000 1077 Ἀλεξᾶς

413 1096 547 1139 Λύκου
580 1097 672 1137 Δου.

504 1238 529 1270 6
559 1234 671 1269 Modo
703 1236 744 1269 ut
774 1234 836 1268 hic
871 1234 943 1269 duo
977 1236 1081 1277 sunt,
1117 1233 1232 1269 modo
1268 1235 1456 1279 quattuor,
1494 1234 1571 1269 bini
1605 1246 1651 1270 ex
1684 1236 1845 1280 utraque
1877 1238 2000 1281 gente.

458 1294 482 1327 7
513 1292 605 1327 Inde
640 1291 688 1327 ab
722 1302 824 1327 anno
856 1292 935 1326 fere
965 1292 1011 1326 90
1041 1302 1074 1335 p.
1096 1291 1179 1327 Chr.
1211 1293 1253 1326 ut
1287 1292 1437 1337 quidem
1472 1292 1621 1327 videtur
1653 1292 1804 1335 (Inschr.
1829 1292 1883 1328 Ol.
1907 1292 1999 1336 8612)

413 1352 481 1384 aut
514 1351 618 1385 certe
650 1349 739 1384 inde
772 1349 821 1383 ab
854 1349 921 1383 113
947 1360 981 1392 p.
1001 1348 1083 1384 Chr.
1110 1349 1262 1390 (Inschr.
1288 1349 1344 1385 Ol.
1368 1349 1462 1392 9116)
1494 1349 1556 1384 hic
1588 1351 1811 1385 constanter
1841 1353 2004 1386 vocatur

413 1408 637 1453 σπονὸαύλης.
694 1407 801 1442 Unus
838 1407 908 1441 fuit
944 1409 1045 1441 certe
1083 1417 1202 1451 usque
1240 1407 1289 1441 ad
1327 1417 1472 1441 annum
1506 1407 1573 1441 145
1604 1418 1637 1451 p.
1659 1407 1743 1442 Chr.
1775 1407 1873 1450 (ibid.
1897 1408 2001 1453 9514),

411 1465 510 1499 terni
540 1464 579 1499 in
613 1464 791 1499 omnibus
822 1464 965 1499 tabulis
996 1464 1085 1498 inde
1118 1463 1165 1499 ab
1192 1463 1268 1507 181,
1302 1463 1375 1498 nisi
1408 1464 1508 1509 quod
1539 1463 1595 1499 bis
1628 1464 1727 1508 (ibid.
1746 1464 1861 1507 11718.
1885 1466 1999 1509 12226)

413 1522 491 1556 bini
515 1522 629 1557 modo
654 1525 913 1557 recensentur.
956 1522 1010 1557 De
1035 1532 1193 1557 numero
1218 1522 1332 1566 igitur
1349 1521 1583 1557 Pausaniam
1610 1525 1697 1566 (not.
1716 1523 1748 1565 1)
1766 1532 1844 1557 non
1862 1523 2001 1558 discre-

411 1590 504 1625 pare
541 1590 563 1614 a
592 1580 652 1614 sui
677 1581 859 1624 temporis
885 1590 958 1614 usu
983 1579 1178 1624 probabile
1205 1582 1272 1623 est,
1303 1579 1342 1614 in
1369 1580 1624 1624 appellatione
1651 1591 1736 1615 eum
1760 1580 1917 1625 volgare
1944 1582 2002 1615 αὐ-

412 1641 522 1685 λητής
547 1650 614 1684 pro
642 1637 854 1682 σπονόαύλης
871 1639 949 1671 tum
969 1647 1063 1671 sane
1081 1636 1307 1680 iampridem
1324 1636 1468 1672 usitato
1486 1637 1660 1681 posuisse
1679 1647 1759 1672 non
1777 1641 1834 1672 est
1850 1638 2000 1672 mirum.

459 1700 484 1732 8
510 1698 577 1732 Hic
603 1706 754 1742 quoque
782 1695 820 1729 in
847 1705 1005 1729 numero
1025 1695 1206 1729 convenit
1222 1694 1440 1729 Pausaniae
1460 1705 1545 1729 cum
1563 1695 1680 1729 titulis
1697 1705 1816 1740 usque
1835 1695 1884 1730 ad
1900 1696 2000 1730 med.

412 1766 512 1791 saec.
531 1755 562 1789 II
586 1765 620 1799 p.
641 1754 726 1789 Chr.
754 1752 849 1797 (ibid.
868 1753 971 1794 9512).
1019 1752 1158 1787 Postea
1189 1763 1340 1796 semper
1369 1752 1449 1786 bini
1482 1755 1579 1787 sunt.
1630 1753 1776 1797 Quater
1807 1752 1904 1796 (ibid.
1923 1753 2002 1796 779.

410 1814 489 1856 832.
516 1812 631 1854 11017.
658 1811 772 1854 12016)
804 1811 1014 1857 περιηγητής
1046 1810 1212 1845 occurrit
1243 1820 1309 1854 pro
1343 1810 1509 1856 ἐξηγητής
1541 1810 1736 1855 ceteroqui
1765 1810 1804 1845 in
1831 1811 2000 1845 omnium

413 1873 585 1906 aetatum
620 1869 739 1904 titulis
774 1870 998 1903 constanter
1031 1868 1183 1912 scripto.
1337 1870 1361 1902 9
1396 1868 1509 1902 Paus
1529 1867 1557 1902 V
1576 1868 1630 1911 13,
1649 1868 1707 1903 10:
1743 1868 1858 1903 θύεται
1890 1869 1926 1903 δὲ
1956 1870 2004 1914 τῷ

410 1928 463 1964 Διὶ
505 1930 563 1963 καὶ
599 1928 679 1962 ἄνευ
715 1932 777 1971 τῆς
815 1926 1034 1973 πανηγύρεως
1071 1926 1135 1959 ὑπό
1172 1938 1207 1959 τε
1246 1925 1389 1959 ἰδιωτῶν
1425 1926 1482 1959 καὶ
1522 1926 1585 1960 ἀνὰ
1621 1930 1730 1960 πᾶσαν
1767 1925 1899 1973 ἡμέραν
1939 1926 2002 1961 ὑπὸ

408 1983 568 2021 Ἠλείων.
622 1984 796 2020 Ceterum
833 1985 894 2025 hic
931 1983 1170 2018 sacrificulus
1205 1983 1281 2017 iam
1314 1982 1353 2016 in
1388 1983 1663 2027 antiquioribus
1696 1983 1890 2018 laterculis
1923 1994 2001 2018 non

411 2054 562 2087 semper
593 2044 927 2085 commemoratur,
958 2041 997 2075 in
1031 2041 1085 2075 eis
1120 2041 1182 2085 qui
1207 2041 1352 2075 saeculi
1377 2040 1473 2085 Ilslll
1497 2043 1587 2075 sunt
1611 2041 1768 2075 omnino
1793 2051 2002 2086 nunquam.

462 2103 513 2135 10
543 2100 761 2135 Libationes
788 2099 867 2133 vini
897 2109 983 2133 curn
1018 2098 1136 2133 sacris
1161 2098 1371 2132 menstruis
1396 2099 1626 2132 coniunctae
1652 2101 2002 2133 commemorantur
2059 2099 2063 2101 ’

411 2170 434 2193 a
460 2158 658 2192 Pausania
684 2159 772 2200 (not.
793 2158 836 2200 1).
884 2156 939 2190 Ne
972 2156 1180 2200 pincernae
1207 2156 1358 2200 quidem
1386 2166 1527 2190 nomen
1552 2155 1591 2190 in
1616 2155 1838 2190 inferiorum
1863 2166 2000 2191 saecu-

410 2216 533 2250 lorum
560 2215 747 2259 catalogis
771 2214 970 2257 invenitur,
998 2213 1068 2248 etsi
1093 2213 1220 2257 ipsum
1246 2214 1441 2257 negotium
1468 2213 1600 2258 procul
1625 2213 1737 2248 dubio
1762 2214 1917 2249 mansit.

459 2275 503 2307 11
539 2273 580 2306 In
614 2282 690 2307 uno
723 2271 986 2316 antiquissimo
1012 2280 1175 2304 recensu
1200 2270 1286 2304 ibid.
1306 2271 1352 2305 59
1377 2271 1416 2305 hi
1442 2271 1613 2305 nondum
1639 2273 1739 2314 sunt,
1770 2270 1860 2305 inde
1885 2281 1908 2305 a
1933 2271 2000 2314 613

410 2340 598 2374 nusquam
623 2329 897 2364 desiderantur.
931 2328 1122 2363 Numerus
1140 2328 1248 2362 initio
1265 2328 1393 2363 varius
1413 2331 1495 2363 erat
1513 2328 1585 2369 (hic
1604 2330 1679 2362 tres
1696 2330 1796 2371 sunt,
1820 2328 1908 2362 ibid.
1919 2329 2000 2371 6213

411 2389 601 2432 quattuor,
627 2387 693 2429 666
716 2389 838 2431 υηυε),
866 2386 933 2421 sed
956 2385 1044 2420 inde
1071 2396 1094 2419 a
1119 2386 1193 2420 fine
1220 2386 1371 2420 saeculi
1396 2386 1410 2420 I
1434 2397 1469 2430 p.
1489 2386 1572 2421 Chr.
1599 2386 1789 2420 ternarius
1814 2388 1999 2420 constan-

410 2444 553 2479 tissime
579 2446 763 2478 servatur.
801 2443 949 2478 Nomen
975 2443 1032 2477 bis
1061 2443 1157 2486 (ibid.
1176 2443 1401 2486 8011.12216)
1427 2444 1767 2491 ὑποσπονὸορχησταί
1785 2445 1854 2486 est,
1881 2444 1999 2478 semel

411 2502 536 2545 (12119)
567 2501 775 2537 manifesto
810 2512 938 2536 errore
963 2502 1269 2547 ὑποσπονῧοφόροι.
1415 2503 1464 2535 12
1496 2501 1543 2536 Ut
1568 2511 1701 2535 omnes
1726 2500 1914 2534 inferioris
1940 2511 1999 2535 or-

410 2559 507 2594 dinis
538 2558 699 2593 ministri
732 2561 820 2602 (not.
838 2559 1018 2600 7.10.11>
1049 2559 1111 2593 hic
1143 2568 1293 2603 quoque
1325 2558 1364 2592 in
1395 2559 1616 2593 universum
1647 2557 1686 2591 in
1721 2557 1999 2602 antiquioribus

408 2617 523 2651 modo
549 2615 739 2660 lapidibus
764 2617 936 2651 occurrit.
980 2617 1055 2651 Sed
1079 2616 1175 2651 redit
1199 2616 1326 2650 medio
1353 2616 1509 2650 saeculo
1528 2615 1575 2650 III
1601 2626 1634 2658 p.
1654 2614 1736 2649 Chr.
1763 2614 1861 2658 (ibid.
1880 2615 1996 2657 1212!-

407 2674 535 2716 12223).
585 2675 665 2718 Quo
692 2674 839 2718 [clarius
870 2674 1104 2718 perspicitur,
1136 2684 1289 2717 semper
1319 2674 1508 2708 mansisse
1540 2672 1720 2716 officium,
1752 2672 1819 2707 sed
1849 2683 1995 2707 morem

406 2731 521 2766 modo
551 2731 649 2766 haec
680 2731 883 2766 humiliora
916 2732 1071 2776 negotia
1103 2732 1142 2766 in
1174 2731 1315 2766 tabulis
1345 2729 1571 2765 recensendi
1604 2729 1790 2764 abolitum
1825 2740 1919 2773 esse,
1954 2732 1997 2764 ut

408 2789 534 2829 ξυλὲως
564 2789 707 2823 mentio
742 2799 800 2832 ap.
826 2789 1059 2824 Pausaniam
1091 2792 1180 2832 (not.
1201 2791 1232 2832 1)
1266 2788 1489 2832 neutiquam
1522 2787 1656 2831 probet
1688 2798 1775 2822 eum
1805 2787 1922 2822 aliam
1949 2797 1996 2822 ac

407 2856 500 2880 suae
539 2845 676 2881 aetatis
711 2846 974 2895 condi-cionem
1007 2846 1232 2882 describere.
1384 2847 1433 2880 13
1467 2844 1586 2879 Huius
1619 2844 1735 2880 officii
1767 2844 1994 2890 significatio

407 2903 574 2938 maxime
606 2903 730 2939 variat
763 2905 932 2950 (μάγειρος
964 2903 1051 2938 ibid.
1070 2905 1146 2947 663.
1172 2905 1262 2946 7412.
1290 2904 1367 2946 873.
1413 2903 1616 2949 στεγανόμος
1647 2904 1706 2937 καὶ
1737 2903 1894 2949 μάγειρος
1920 2902 1992 2937 hic.

409 2962 568 3008 μάγειρος
592 2962 651 2995 καὶ
675 2962 865 3007 ἀρτοκόπος
883 2960 958 3003 786.
995 2962 1219 3009 ἀρχιμάγιρος
1237 2961 1340 3004 6217).
1382 2961 1429 2996 Ut
1455 2960 1530 2995 alia
1548 2960 1668 3004 primo
1686 2971 1719 3004 p.
1736 2959 1820 2994 Chr.
1839 2959 1994 2994 Saeculo

408 3074 491 3116 168
