<?xml version="1.0" encoding="UTF-8"?>
<!DOCTYPE html PUBLIC "-//W3C//DTD XHTML 1.0 Transitional//EN"
    "http://www.w3.org/TR/xhtml1/DTD/xhtml1-transitional.dtd">
<html xmlns="http://www.w3.org/1999/xhtml" xml:lang="en" lang="en">
 <head>
  <title>
</title>
<meta http-equiv="Content-Type" content="text/html;charset=utf-8" />
  <meta name='ocr-system' content='tesseract 3.04.00' />
  <meta name='ocr-capabilities' content='ocr_page ocr_carea ocr_par ocr_line ocrx_word'/>
</head>
<body>
  <div class='ocr_page' id='page_1' title='image "./syllogeinscripti03dittuoft/syllogeinscripti03dittuoft_0085.png"; bbox 0 0 2198 3522; ppageno 0'>
   <div class='ocr_carea' id='block_1_1' title="bbox 180 273 1755 316">
    <p class='ocr_par' dir='ltr' id='par_1_1' title="bbox 180 273 1755 316">
     <span class='ocr_line' id='line_1_1' title="bbox 180 273 1755 316; baseline -0.01 0"><span class='ocrx_word' id='word_1_1' title='bbox 180 280 258 316; x_wconf 89' lang='grc'><strong>969.</strong></span> <span class='ocrx_word' id='word_1_2' title='bbox 744 274 987 310; x_wconf 88' lang='lat' dir='ltr'>Sceuotheca</span> <span class='ocrx_word' id='word_1_3' title='bbox 1010 273 1190 308; x_wconf 84' lang='lat' dir='ltr'>Philonis.</span> <span class='ocrx_word' id='word_1_4' title='bbox 1691 275 1706 309; x_wconf 90' lang='lat'><em>1</em></span> <span class='ocrx_word' id='word_1_5' title='bbox 1722 275 1755 310; x_wconf 70' lang='lat'>9,</span> 
     </span>
    </p>
   </div>
   <div class='ocr_carea' id='block_1_2' title="bbox 806 329 1674 342">
    <p class='ocr_par' dir='ltr' id='par_1_2' title="bbox 806 329 1674 342">
     <span class='ocr_line' id='line_1_2' title="bbox 806 329 1674 342; baseline 0 0"><span class='ocrx_word' id='word_1_6' title='bbox 806 329 1674 342; x_wconf 95' lang='lat' dir='ltr'> </span> 
     </span>
    </p>
   </div>
   <div class='ocr_carea' id='block_1_3' title="bbox 113 411 1808 1373">
    <p class='ocr_par' dir='ltr' id='par_1_3' title="bbox 180 411 1758 538">
     <span class='ocr_line' id='line_1_3' title="bbox 182 411 1758 474; baseline -0.004 -13"><span class='ocrx_word' id='word_1_7' title='bbox 182 417 379 474; x_wconf 82' lang='grc' dir='ltr'>μαστοῖς</span> <span class='ocrx_word' id='word_1_8' title='bbox 416 412 1000 470; x_wconf 73' lang='grc' dir='ltr'>σκεύεσινῧΙΕὐθυδόμου</span> <span class='ocrx_word' id='word_1_9' title='bbox 1032 411 1308 467; x_wconf 85' lang='grc' dir='ltr'>Δημητρίου</span> <span class='ocrx_word' id='word_1_10' title='bbox 1340 411 1637 467; x_wconf 84' lang='grc' dir='ltr'>Μελιτέως4,</span> <span class='ocrx_word' id='word_1_11' title='bbox 1672 413 1758 455; x_wconf 89' lang='grc' dir='ltr'>Φί-</span> 
     </span>
     <span class='ocr_line' id='line_1_4' title="bbox 180 479 1090 538; baseline -0.009 -9"><span class='ocrx_word' id='word_1_12' title='bbox 180 491 328 533; x_wconf 89' lang='grc' dir='ltr'>λωνος</span> <span class='ocrx_word' id='word_1_13' title='bbox 352 482 690 538; x_wconf 71' lang='grc' dir='ltr'>Ἐξηκεστίδου</span> <span class='ocrx_word' id='word_1_14' title='bbox 716 479 1090 536; x_wconf 76' lang='grc' dir='ltr'>Ἐλευσινίου5.Ι</span> 
     </span>
    </p>

    <p class='ocr_par' dir='ltr' id='par_1_4' title="bbox 133 554 1808 960">
     <span class='ocr_line' id='line_1_5' title="bbox 133 554 1758 615; baseline -0.004 -11"><span class='ocrx_word' id='word_1_15' title='bbox 133 570 155 603; x_wconf 81' lang='grc'><em>5</em></span> <span class='ocrx_word' id='word_1_16' title='bbox 183 561 430 615; x_wconf 76' lang='grc' dir='ltr'>σκευοθήκην</span> <span class='ocrx_word' id='word_1_17' title='bbox 453 559 718 613; x_wconf 81' lang='grc' dir='ltr'>οἰκοδομῆσαι</span> <span class='ocrx_word' id='word_1_18' title='bbox 737 558 818 603; x_wconf 82' lang='grc' dir='ltr'>τοῖς</span> <span class='ocrx_word' id='word_1_19' title='bbox 839 556 1077 612; x_wconf 81' lang='grc' dir='ltr'>κρεμαστοῖς</span> <span class='ocrx_word' id='word_1_20' title='bbox 1096 555 1275 597; x_wconf 76' lang='grc' dir='ltr'>σκεύεσιν</span> <span class='ocrx_word' id='word_1_21' title='bbox 1299 556 1339 597; x_wconf 84' lang='grc' dir='ltr'>ἐν</span> <span class='ocrx_word' id='word_1_22' title='bbox 1363 554 1514 596; x_wconf 75' lang='grc' dir='ltr'>Ζείαι6</span> <span class='ocrx_word' id='word_1_23' title='bbox 1532 554 1758 612; x_wconf 79' lang='grc' dir='ltr'>ἀρξάΙμενον</span> 
     </span>
     <span class='ocr_line' id='line_1_6' title="bbox 181 622 1761 683; baseline -0.004 -12"><span class='ocrx_word' id='word_1_24' title='bbox 181 629 256 672; x_wconf 83' lang='grc' dir='ltr'>ἀπὸ</span> <span class='ocrx_word' id='word_1_25' title='bbox 286 630 355 670; x_wconf 84' lang='grc' dir='ltr'>τοῦ</span> <span class='ocrx_word' id='word_1_26' title='bbox 386 626 634 683; x_wconf 83' lang='grc' dir='ltr'>προπυλαίου</span> <span class='ocrx_word' id='word_1_27' title='bbox 665 628 734 667; x_wconf 80' lang='grc' dir='ltr'>τοῦ</span> <span class='ocrx_word' id='word_1_28' title='bbox 756 627 796 672; x_wconf 81' lang='grc' dir='ltr'>ἐξ</span> <span class='ocrx_word' id='word_1_29' title='bbox 817 626 968 681; x_wconf 80' lang='grc' dir='ltr'>ἀγορᾶς</span> <span class='ocrx_word' id='word_1_30' title='bbox 989 626 1190 680; x_wconf 76' lang='grc' dir='ltr'>προσιόντι</span> <span class='ocrx_word' id='word_1_31' title='bbox 1211 626 1256 665; x_wconf 85' lang='grc' dir='ltr'>ἐκ</span> <span class='ocrx_word' id='word_1_32' title='bbox 1277 627 1345 665; x_wconf 82' lang='grc' dir='ltr'>τοῦ</span> <span class='ocrx_word' id='word_1_33' title='bbox 1367 624 1531 665; x_wconf 69' lang='grc' dir='ltr'>ὄπισθεν</span> <span class='ocrx_word' id='word_1_34' title='bbox 1555 627 1631 664; x_wconf 85' lang='grc' dir='ltr'>τῶν</span> <span class='ocrx_word' id='word_1_35' title='bbox 1652 622 1761 680; x_wconf 65' lang='lat' dir='ltr'>vlam-</span> 
     </span>
     <span class='ocr_line' id='line_1_7' title="bbox 181 692 1761 751; baseline -0.003 -12"><span class='ocrx_word' id='word_1_36' title='bbox 181 699 324 740; x_wconf 89' lang='grc' dir='ltr'>σοίκων</span> <span class='ocrx_word' id='word_1_37' title='bbox 354 699 431 737; x_wconf 87' lang='grc' dir='ltr'>τῶν</span> <span class='ocrx_word' id='word_1_38' title='bbox 454 697 653 751; x_wconf 71' lang='grc' dir='ltr'>ὁμοτεγῶν</span> <span class='ocrx_word' id='word_1_39' title='bbox 665 695 700 747; x_wconf 84' lang='grc'>7,</span> <span class='ocrx_word' id='word_1_40' title='bbox 736 698 861 750; x_wconf 83' lang='grc' dir='ltr'>μῆκος</span> <span class='ocrx_word' id='word_1_41' title='bbox 891 693 1086 750; x_wconf 85' lang='grc' dir='ltr'>τεττάρων</span> <span class='ocrx_word' id='word_1_42' title='bbox 1108 694 1308 749; x_wconf 80' lang='grc' dir='ltr'>πλέθρων,</span> <span class='ocrx_word' id='word_1_43' title='bbox 1340 692 1488 739; x_wconf 84' lang='grc' dir='ltr'>πλάτος</span> <span class='ocrx_word' id='word_1_44' title='bbox 1518 693 1761 747; x_wconf 82' lang='grc' dir='ltr'>πεντήκοντα</span> 
     </span>
     <span class='ocr_line' id='line_1_8' title="bbox 178 760 1808 823; baseline -0.003 -16"><span class='ocrx_word' id='word_1_45' title='bbox 178 765 322 823; x_wconf 82' lang='grc' dir='ltr'>πΙοδῶν</span> <span class='ocrx_word' id='word_1_46' title='bbox 353 764 422 807; x_wconf 86' lang='grc' dir='ltr'>καὶ</span> <span class='ocrx_word' id='word_1_47' title='bbox 452 766 566 806; x_wconf 81' lang='grc' dir='ltr'>πέντε</span> <span class='ocrx_word' id='word_1_48' title='bbox 589 763 658 806; x_wconf 83' lang='grc' dir='ltr'>σὺν</span> <span class='ocrx_word' id='word_1_49' title='bbox 689 765 771 810; x_wconf 85' lang='grc' dir='ltr'>τοῖς</span> <span class='ocrx_word' id='word_1_50' title='bbox 791 763 954 820; x_wconf 85' lang='grc' dir='ltr'>τοίχοις.</span> <span class='ocrx_word' id='word_1_51' title='bbox 1086 762 1321 817; x_wconf 78' lang='grc' dir='ltr'>κατατεμὼν</span> <span class='ocrx_word' id='word_1_52' title='bbox 1352 765 1422 803; x_wconf 77' lang='grc' dir='ltr'>τοῦ</span> <span class='ocrx_word' id='word_1_53' title='bbox 1448 760 1601 818; x_wconf 84' lang='grc' dir='ltr'>χωρίου</span> <span class='ocrx_word' id='word_1_54' title='bbox 1636 760 1761 818; x_wconf 79' lang='grc' dir='ltr'>βάθος</span> <span class='ocrx_word' id='word_1_55' title='bbox 1792 769 1808 811; x_wconf 81' lang='lat'>1</span> 
     </span>
     <span class='ocr_line' id='line_1_9' title="bbox 181 830 1762 890; baseline -0.003 -14"><span class='ocrx_word' id='word_1_56' title='bbox 181 835 258 877; x_wconf 84' lang='grc' dir='ltr'>ἀπὸ</span> <span class='ocrx_word' id='word_1_57' title='bbox 290 833 370 890; x_wconf 77' lang='grc' dir='ltr'>τοΙῧ</span> <span class='ocrx_word' id='word_1_58' title='bbox 403 831 701 889; x_wconf 85' lang='grc' dir='ltr'>μετεωροτάτου</span> <span class='ocrx_word' id='word_1_59' title='bbox 722 834 828 888; x_wconf 80' lang='grc' dir='ltr'>τρεῖς</span> <span class='ocrx_word' id='word_1_60' title='bbox 858 833 996 887; x_wconf 85' lang='grc' dir='ltr'>πόδας,</span> <span class='ocrx_word' id='word_1_61' title='bbox 1027 831 1070 873; x_wconf 86' lang='grc' dir='ltr'>τὸ</span> <span class='ocrx_word' id='word_1_62' title='bbox 1104 831 1202 872; x_wconf 82' lang='grc' dir='ltr'>ἄλλο</span> <span class='ocrx_word' id='word_1_63' title='bbox 1231 830 1592 886; x_wconf 78' lang='grc' dir='ltr'>ἀνακαθαράμενος</span> <span class='ocrx_word' id='word_1_64' title='bbox 1624 830 1688 872; x_wconf 86' lang='grc' dir='ltr'>ἐπὶ</span> <span class='ocrx_word' id='word_1_65' title='bbox 1718 831 1762 872; x_wconf 85' lang='grc' dir='ltr'>τὸ</span> 
     </span>
     <span class='ocr_line' id='line_1_10' title="bbox 182 899 1762 960; baseline -0.003 -14"><span class='ocrx_word' id='word_1_66' title='bbox 182 902 414 960; x_wconf 71' lang='grc' dir='ltr'>στέριφῐονὸ</span> <span class='ocrx_word' id='word_1_67' title='bbox 445 903 685 958; x_wconf 81' lang='grc' dir='ltr'>στρωματιεῖ</span> <span class='ocrx_word' id='word_1_68' title='bbox 705 900 773 943; x_wconf 86' lang='grc' dir='ltr'>καὶ</span> <span class='ocrx_word' id='word_1_69' title='bbox 796 902 1047 957; x_wconf 75' lang='grc' dir='ltr'>ἀναλήψεται</span> <span class='ocrx_word' id='word_1_70' title='bbox 1076 899 1160 942; x_wconf 81' lang='grc' dir='ltr'>ἴσον</span> <span class='ocrx_word' id='word_1_71' title='bbox 1182 899 1285 942; x_wconf 85' lang='grc' dir='ltr'>κατὰ</span> <span class='ocrx_word' id='word_1_72' title='bbox 1307 899 1486 956; x_wconf 77' lang='grc' dir='ltr'>κεφαλὴν</span> <span class='ocrx_word' id='word_1_73' title='bbox 1510 900 1615 941; x_wconf 83' lang='grc' dir='ltr'>ἅπαν</span> <span class='ocrx_word' id='word_1_74' title='bbox 1643 899 1762 956; x_wconf 75' lang='grc' dir='ltr'>ὀρθὸν</span> 
     </span>
    </p>

    <p class='ocr_par' dir='ltr' id='par_1_5' title="bbox 113 969 1767 1304">
     <span class='ocr_line' id='line_1_11' title="bbox 113 969 1762 1030; baseline -0.002 -15"><span class='ocrx_word' id='word_1_75' title='bbox 113 981 158 1015; x_wconf 85' lang='grc'>10</span> <span class='ocrx_word' id='word_1_76' title='bbox 182 973 277 1030; x_wconf 83' lang='grc' dir='ltr'>πρὸς</span> <span class='ocrx_word' id='word_1_77' title='bbox 308 971 384 1029; x_wconf 84' lang='grc' dir='ltr'>τΙὸν</span> <span class='ocrx_word' id='word_1_78' title='bbox 417 972 659 1028; x_wconf 72' lang='grc' dir='ltr'>ὃιαβὴτηνθ,</span> <span class='ocrx_word' id='word_1_79' title='bbox 701 971 942 1027; x_wconf 82' lang='grc' dir='ltr'>στρωματιεῖ</span> <span class='ocrx_word' id='word_1_80' title='bbox 974 969 1017 1012; x_wconf 80' lang='grc' dir='ltr'>δὲ</span> <span class='ocrx_word' id='word_1_81' title='bbox 1048 970 1116 1011; x_wconf 83' lang='grc' dir='ltr'>καὶ</span> <span class='ocrx_word' id='word_1_82' title='bbox 1147 971 1228 1016; x_wconf 83' lang='grc' dir='ltr'>τοῖς</span> <span class='ocrx_word' id='word_1_83' title='bbox 1259 970 1385 1011; x_wconf 86' lang='grc' dir='ltr'>κίοσιν</span> <span class='ocrx_word' id='word_1_84' title='bbox 1427 970 1653 1010; x_wconf 85' lang='grc' dir='ltr'>ἀπολείπων</span> <span class='ocrx_word' id='word_1_85' title='bbox 1685 969 1762 1011; x_wconf 82' lang='grc' dir='ltr'>ἀπὸ</span> 
     </span>
     <span class='ocr_line' id='line_1_12' title="bbox 181 1037 1761 1098; baseline -0.003 -15"><span class='ocrx_word' id='word_1_86' title='bbox 181 1045 250 1083; x_wconf 81' lang='grc' dir='ltr'>τοῦ</span> <span class='ocrx_word' id='word_1_87' title='bbox 281 1040 430 1098; x_wconf 85' lang='grc' dir='ltr'>τοίχΙου</span> <span class='ocrx_word' id='word_1_88' title='bbox 452 1042 643 1097; x_wconf 86' lang='grc' dir='ltr'>ἑκατέρου</span> <span class='ocrx_word' id='word_1_89' title='bbox 665 1041 780 1081; x_wconf 81' lang='grc' dir='ltr'>πέντε</span> <span class='ocrx_word' id='word_1_90' title='bbox 802 1039 885 1095; x_wconf 84' lang='grc' dir='ltr'>κ[αὶ</span> <span class='ocrx_word' id='word_1_91' title='bbox 909 1039 1021 1093; x_wconf 53' lang='lat' dir='ltr'>offla</span> <span class='ocrx_word' id='word_1_92' title='bbox 1040 1040 1166 1085; x_wconf 78' lang='grc' dir='ltr'>πόδας</span> <span class='ocrx_word' id='word_1_93' title='bbox 1189 1037 1258 1080; x_wconf 84' lang='grc' dir='ltr'>σὺν</span> <span class='ocrx_word' id='word_1_94' title='bbox 1281 1041 1354 1080; x_wconf 82' lang='grc' dir='ltr'>τῶι</span> <span class='ocrx_word' id='word_1_95' title='bbox 1380 1037 1504 1094; x_wconf 84' lang='grc' dir='ltr'>πάχει</span> <span class='ocrx_word' id='word_1_96' title='bbox 1524 1041 1593 1080; x_wconf 79' lang='grc' dir='ltr'>τοῦ</span> <span class='ocrx_word' id='word_1_97' title='bbox 1614 1038 1761 1085; x_wconf 86' lang='grc' dir='ltr'>κίονος·</span> 
     </span>
     <span class='ocr_line' id='line_1_13' title="bbox 182 1105 1767 1167; baseline -0.003 -15"><span class='ocrx_word' id='word_1_98' title='bbox 182 1109 352 1167; x_wconf 76' lang='grc' dir='ltr'>ἀριθμὸς</span> <span class='ocrx_word' id='word_1_99' title='bbox 371 1109 376 1166; x_wconf 74' lang='grc' dir='ltr'>Ι</span> <span class='ocrx_word' id='word_1_100' title='bbox 395 1112 471 1151; x_wconf 84' lang='grc' dir='ltr'>τῶν</span> <span class='ocrx_word' id='word_1_101' title='bbox 503 1111 646 1152; x_wconf 86' lang='grc' dir='ltr'>κιόνων</span> <span class='ocrx_word' id='word_1_102' title='bbox 679 1109 868 1165; x_wconf 83' lang='grc' dir='ltr'>ἑκατέρου</span> <span class='ocrx_word' id='word_1_103' title='bbox 899 1111 968 1150; x_wconf 79' lang='grc' dir='ltr'>τοῦ</span> <span class='ocrx_word' id='word_1_104' title='bbox 991 1108 1151 1164; x_wconf 86' lang='grc' dir='ltr'>στοίχου</span> <span class='ocrx_word' id='word_1_105' title='bbox 1182 1108 1297 1149; x_wconf 85' lang='grc' dir='ltr'>πέντε</span> <span class='ocrx_word' id='word_1_106' title='bbox 1328 1106 1396 1149; x_wconf 81' lang='grc' dir='ltr'>καὶ</span> <span class='ocrx_word' id='word_1_107' title='bbox 1420 1105 1646 1163; x_wconf 83' lang='grc' dir='ltr'>τριάκοντα,</span> <span class='ocrx_word' id='word_1_108' title='bbox 1679 1109 1767 1149; x_wconf 82' lang='grc' dir='ltr'>δια-</span> 
     </span>
     <span class='ocr_line' id='line_1_14' title="bbox 182 1175 1765 1236; baseline -0.002 -15"><span class='ocrx_word' id='word_1_109' title='bbox 182 1180 326 1221; x_wconf 87' lang='grc' dir='ltr'>λείπων</span> <span class='ocrx_word' id='word_1_110' title='bbox 366 1178 537 1236; x_wconf 78' lang='grc' dir='ltr'>ὃΙ[ί]οὸον</span> <span class='ocrx_word' id='word_1_111' title='bbox 578 1182 654 1220; x_wconf 87' lang='grc' dir='ltr'>τῶι</span> <span class='ocrx_word' id='word_1_112' title='bbox 695 1179 828 1233; x_wconf 77' lang='grc' dir='ltr'>ὃημωι</span> <span class='ocrx_word' id='word_1_113' title='bbox 867 1177 933 1219; x_wconf 81' lang='grc' dir='ltr'>διὰ</span> <span class='ocrx_word' id='word_1_114' title='bbox 966 1178 1090 1233; x_wconf 81' lang='grc' dir='ltr'>μέσης</span> <span class='ocrx_word' id='word_1_115' title='bbox 1125 1181 1195 1232; x_wconf 83' lang='grc' dir='ltr'>τῆς</span> <span class='ocrx_word' id='word_1_116' title='bbox 1235 1177 1498 1231; x_wconf 76' lang='grc' dir='ltr'>σκευοθήκης,</span> <span class='ocrx_word' id='word_1_117' title='bbox 1540 1175 1692 1223; x_wconf 88' lang='grc' dir='ltr'>πλάτος</span> <span class='ocrx_word' id='word_1_118' title='bbox 1721 1176 1765 1218; x_wconf 85' lang='grc' dir='ltr'>τὸ</span> 
     </span>
     <span class='ocr_line' id='line_1_15' title="bbox 183 1244 1766 1304; baseline -0.004 -13"><span class='ocrx_word' id='word_1_119' title='bbox 183 1247 325 1304; x_wconf 76' lang='grc' dir='ltr'>μεταξὺ</span> <span class='ocrx_word' id='word_1_120' title='bbox 357 1252 432 1290; x_wconf 86' lang='grc' dir='ltr'>τῶν</span> <span class='ocrx_word' id='word_1_121' title='bbox 454 1247 609 1303; x_wconf 61' lang='grc' dir='ltr'>κιόίνων</span> <span class='ocrx_word' id='word_1_122' title='bbox 633 1245 760 1289; x_wconf 79' lang='grc' dir='ltr'>εἴκοσι</span> <span class='ocrx_word' id='word_1_123' title='bbox 779 1248 924 1299; x_wconf 82' lang='grc' dir='ltr'>ποδῶν,</span> <span class='ocrx_word' id='word_1_124' title='bbox 956 1245 1086 1302; x_wconf 83' lang='grc' dir='ltr'>πάχος</span> <span class='ocrx_word' id='word_1_125' title='bbox 1107 1245 1181 1300; x_wconf 56' lang='lat' dir='ltr'>[ose</span> <span class='ocrx_word' id='word_1_126' title='bbox 1203 1246 1348 1300; x_wconf 73' lang='grc' dir='ltr'>ποήσει</span> <span class='ocrx_word' id='word_1_127' title='bbox 1367 1245 1410 1286; x_wconf 81' lang='grc' dir='ltr'>τὸ</span> <span class='ocrx_word' id='word_1_128' title='bbox 1435 1248 1598 1301; x_wconf 80' lang='grc' dir='ltr'>στρῶμα</span> <span class='ocrx_word' id='word_1_129' title='bbox 1628 1244 1766 1301; x_wconf 86' lang='grc' dir='ltr'>τετρά-</span> 
     </span>
    </p>

    <p class='ocr_par' dir='ltr' id='par_1_6' title="bbox 115 1313 1678 1373">
     <span class='ocr_line' id='line_1_16' title="bbox 115 1313 1678 1373; baseline -0.004 -12"><span class='ocrx_word' id='word_1_130' title='bbox 115 1327 160 1362; x_wconf 88' lang='grc'>15</span> <span class='ocrx_word' id='word_1_131' title='bbox 185 1334 295 1372; x_wconf 82' lang='grc' dir='ltr'>πουν,</span> <span class='ocrx_word' id='word_1_132' title='bbox 327 1317 453 1364; x_wconf 79' lang='grc' dir='ltr'>τιθεὶς</span> <span class='ocrx_word' id='word_1_133' title='bbox 483 1316 573 1364; x_wconf 84' lang='grc' dir='ltr'>τοὺς</span> <span class='ocrx_word' id='word_1_134' title='bbox 591 1315 598 1373; x_wconf 88' lang='grc' dir='ltr'>Ι</span> <span class='ocrx_word' id='word_1_135' title='bbox 617 1317 754 1363; x_wconf 71' lang='grc' dir='ltr'>λίθους</span> <span class='ocrx_word' id='word_1_136' title='bbox 784 1313 956 1362; x_wconf 76' lang='grc' dir='ltr'>ἐναλλὰξ</span> <span class='ocrx_word' id='word_1_137' title='bbox 979 1314 1215 1372; x_wconf 49' lang='lat' dir='ltr'>&lt;paophi-rste&amp;</span> <span class='ocrx_word' id='word_1_138' title='bbox 1230 1316 1278 1348; x_wconf 88' lang='grc'>10</span> <span class='ocrx_word' id='word_1_139' title='bbox 1308 1313 1377 1356; x_wconf 81' lang='grc' dir='ltr'>καὶ</span> <span class='ocrx_word' id='word_1_140' title='bbox 1402 1313 1512 1370; x_wconf 79' lang='grc' dir='ltr'>παρὰ</span> <span class='ocrx_word' id='word_1_141' title='bbox 1541 1318 1678 1369; x_wconf 80' lang='grc' dir='ltr'>μῆκος.</span> 
     </span>
    </p>
   </div>
   <div class='ocr_carea' id='block_1_4' title="bbox 183 1422 1773 3021">
    <p class='ocr_par' dir='ltr' id='par_1_7' title="bbox 183 1422 1768 1637">
     <span class='ocr_line' id='line_1_17' title="bbox 275 1422 1767 1471; baseline -0.002 -10"><span class='ocrx_word' id='word_1_142' title='bbox 275 1430 298 1461; x_wconf 85' lang='grc'><strong>3</strong></span> <span class='ocrx_word' id='word_1_143' title='bbox 329 1426 472 1471; x_wconf 84' lang='lat' dir='ltr'>Ubique</span> <span class='ocrx_word' id='word_1_144' title='bbox 504 1425 544 1460; x_wconf 90' lang='lat' dir='ltr'>in</span> <span class='ocrx_word' id='word_1_145' title='bbox 573 1424 690 1460; x_wconf 87' lang='lat' dir='ltr'>titulis</span> <span class='ocrx_word' id='word_1_146' title='bbox 714 1424 916 1459; x_wconf 83' lang='lat' dir='ltr'>navalibus</span> <span class='ocrx_word' id='word_1_147' title='bbox 948 1423 1227 1468; x_wconf 88' lang='lat' dir='ltr'>distinguuntur</span> <span class='ocrx_word' id='word_1_148' title='bbox 1260 1423 1362 1468; x_wconf 64' lang='grc' dir='ltr'>σκεύη</span> <span class='ocrx_word' id='word_1_149' title='bbox 1393 1423 1568 1468; x_wconf 74' lang='grc' dir='ltr'>κρεμαστὰ</span> <span class='ocrx_word' id='word_1_150' title='bbox 1594 1424 1630 1457; x_wconf 88' lang='lat' dir='ltr'>et</span> <span class='ocrx_word' id='word_1_151' title='bbox 1654 1422 1767 1461; x_wconf 72' lang='grc' dir='ltr'>ξύλινα</span> 
     </span>
     <span class='ocr_line' id='line_1_18' title="bbox 184 1479 1767 1528; baseline -0.003 -9"><span class='ocrx_word' id='word_1_152' title='bbox 184 1490 230 1528; x_wconf 85' lang='lat' dir='ltr'>(n.</span> <span class='ocrx_word' id='word_1_153' title='bbox 254 1484 360 1526; x_wconf 80' lang='lat'>96244</span> <span class='ocrx_word' id='word_1_154' title='bbox 377 1486 468 1528; x_wconf 87' lang='lat' dir='ltr'>sqq.)</span> <span class='ocrx_word' id='word_1_155' title='bbox 524 1483 628 1517; x_wconf 88' lang='lat' dir='ltr'>Haec</span> <span class='ocrx_word' id='word_1_156' title='bbox 663 1482 702 1516; x_wconf 91' lang='lat' dir='ltr'>in</span> <span class='ocrx_word' id='word_1_157' title='bbox 741 1481 834 1526; x_wconf 87' lang='lat' dir='ltr'>ipsis</span> <span class='ocrx_word' id='word_1_158' title='bbox 877 1480 1040 1516; x_wconf 88' lang='lat' dir='ltr'>navibus</span> <span class='ocrx_word' id='word_1_159' title='bbox 1078 1480 1268 1515; x_wconf 85' lang='lat' dir='ltr'>asservari</span> <span class='ocrx_word' id='word_1_160' title='bbox 1305 1479 1491 1523; x_wconf 86' lang='lat' dir='ltr'>solebant,</span> <span class='ocrx_word' id='word_1_161' title='bbox 1528 1479 1601 1514; x_wconf 87' lang='lat' dir='ltr'>illis</span> <span class='ocrx_word' id='word_1_162' title='bbox 1642 1482 1767 1515; x_wconf 87' lang='lat' dir='ltr'>custo-</span> 
     </span>
     <span class='ocr_line' id='line_1_19' title="bbox 183 1536 1768 1582; baseline -0.003 -5"><span class='ocrx_word' id='word_1_163' title='bbox 183 1541 332 1578; x_wconf 89' lang='lat' dir='ltr'>diendis</span> <span class='ocrx_word' id='word_1_164' title='bbox 364 1540 594 1575; x_wconf 81' lang='lat' dir='ltr'>inserviebat</span> <span class='ocrx_word' id='word_1_165' title='bbox 626 1539 975 1574; x_wconf 80' lang='lat' dir='ltr'>armamentarium.</span> <span class='ocrx_word' id='word_1_166' title='bbox 1021 1537 1173 1572; x_wconf 89' lang='lat' dir='ltr'>Boeckh</span> <span class='ocrx_word' id='word_1_167' title='bbox 1206 1537 1336 1572; x_wconf 83' lang='lat' dir='ltr'>Seurk.</span> <span class='ocrx_word' id='word_1_168' title='bbox 1360 1536 1416 1572; x_wconf 88' lang='lat'>68.</span> <span class='ocrx_word' id='word_1_169' title='bbox 1572 1539 1598 1570; x_wconf 88' lang='lat'>4</span> <span class='ocrx_word' id='word_1_170' title='bbox 1629 1537 1768 1582; x_wconf 72' lang='lat' dir='ltr'>Euthy-</span> 
     </span>
     <span class='ocr_line' id='line_1_20' title="bbox 185 1594 1668 1637; baseline -0.004 -2"><span class='ocrx_word' id='word_1_171' title='bbox 185 1601 319 1635; x_wconf 88' lang='lat' dir='ltr'>domus</span> <span class='ocrx_word' id='word_1_172' title='bbox 347 1597 527 1633; x_wconf 79' lang='lat' dir='ltr'>Demetrii</span> <span class='ocrx_word' id='word_1_173' title='bbox 556 1597 578 1632; x_wconf 87' lang='lat' dir='ltr'>f.</span> <span class='ocrx_word' id='word_1_174' title='bbox 610 1596 817 1631; x_wconf 79' lang='lat' dir='ltr'>Melitensis</span> <span class='ocrx_word' id='word_1_175' title='bbox 847 1596 894 1630; x_wconf 90' lang='lat' dir='ltr'>IG</span> <span class='ocrx_word' id='word_1_176' title='bbox 920 1596 950 1630; x_wconf 88' lang='lat'>11</span> <span class='ocrx_word' id='word_1_177' title='bbox 976 1595 1086 1637; x_wconf 70' lang='lat'>11777</span> <span class='ocrx_word' id='word_1_178' title='bbox 1118 1597 1218 1635; x_wconf 87' lang='lat' dir='ltr'>(ante</span> <span class='ocrx_word' id='word_1_179' title='bbox 1250 1605 1317 1629; x_wconf 85' lang='lat' dir='ltr'>a.c.</span> <span class='ocrx_word' id='word_1_180' title='bbox 1344 1594 1434 1636; x_wconf 84' lang='lat'>350).</span> <span class='ocrx_word' id='word_1_181' title='bbox 1482 1594 1545 1628; x_wconf 89' lang='lat' dir='ltr'>PA</span> <span class='ocrx_word' id='word_1_182' title='bbox 1566 1595 1668 1629; x_wconf 80' lang='lat'>3573.</span> 
     </span>
    </p>

    <p class='ocr_par' dir='ltr' id='par_1_8' title="bbox 184 1651 1773 3021">
     <span class='ocr_line' id='line_1_21' title="bbox 231 1651 1768 1697; baseline -0.004 -6"><span class='ocrx_word' id='word_1_183' title='bbox 231 1659 255 1691; x_wconf 86' lang='lat'>5</span> <span class='ocrx_word' id='word_1_184' title='bbox 281 1655 390 1691; x_wconf 88' lang='lat' dir='ltr'>Philo</span> <span class='ocrx_word' id='word_1_185' title='bbox 416 1654 629 1689; x_wconf 88' lang='lat' dir='ltr'>Eleusinius</span> <span class='ocrx_word' id='word_1_186' title='bbox 655 1654 884 1688; x_wconf 83' lang='lat' dir='ltr'>trierarchus</span> <span class='ocrx_word' id='word_1_187' title='bbox 902 1655 958 1688; x_wconf 89' lang='lat' dir='ltr'>est</span> <span class='ocrx_word' id='word_1_188' title='bbox 975 1653 1021 1687; x_wconf 90' lang='lat' dir='ltr'>IG</span> <span class='ocrx_word' id='word_1_189' title='bbox 1038 1652 1069 1687; x_wconf 94' lang='grc' dir='ltr'>ΙΙ</span> <span class='ocrx_word' id='word_1_190' title='bbox 1085 1651 1155 1686; x_wconf 84' lang='grc'>803</span> <span class='ocrx_word' id='word_1_191' title='bbox 1168 1665 1237 1695; x_wconf 64' lang='lat'>(2135</span> <span class='ocrx_word' id='word_1_192' title='bbox 1256 1655 1301 1695; x_wconf 87' lang='lat' dir='ltr'>(a.</span> <span class='ocrx_word' id='word_1_193' title='bbox 1318 1652 1449 1697; x_wconf 66' lang='lat' dir='ltr'>34⁴2s1).</span> <span class='ocrx_word' id='word_1_194' title='bbox 1490 1651 1585 1686; x_wconf 90' lang='lat' dir='ltr'>Eum</span> <span class='ocrx_word' id='word_1_195' title='bbox 1604 1653 1768 1686; x_wconf 89' lang='lat' dir='ltr'>eundem</span> 
     </span>
     <span class='ocr_line' id='line_1_22' title="bbox 185 1709 1768 1751; baseline -0.003 -2"><span class='ocrx_word' id='word_1_196' title='bbox 185 1714 302 1749; x_wconf 88' lang='lat' dir='ltr'>fuisse</span> <span class='ocrx_word' id='word_1_197' title='bbox 328 1722 412 1748; x_wconf 89' lang='lat' dir='ltr'>cum</span> <span class='ocrx_word' id='word_1_198' title='bbox 439 1712 646 1746; x_wconf 88' lang='lat' dir='ltr'>architecto</span> <span class='ocrx_word' id='word_1_199' title='bbox 680 1710 916 1746; x_wconf 87' lang='lat' dir='ltr'>nobilissimo</span> <span class='ocrx_word' id='word_1_200' title='bbox 949 1710 1089 1751; x_wconf 84' lang='lat' dir='ltr'>(Cicero</span> <span class='ocrx_word' id='word_1_201' title='bbox 1116 1712 1154 1744; x_wconf 91' lang='lat' dir='ltr'>et</span> <span class='ocrx_word' id='word_1_202' title='bbox 1182 1710 1261 1745; x_wconf 90' lang='lat' dir='ltr'>Val.</span> <span class='ocrx_word' id='word_1_203' title='bbox 1280 1710 1377 1745; x_wconf 88' lang='lat' dir='ltr'>Max.</span> <span class='ocrx_word' id='word_1_204' title='bbox 1397 1709 1445 1744; x_wconf 91' lang='lat' dir='ltr'>l.l.</span> <span class='ocrx_word' id='word_1_205' title='bbox 1483 1709 1605 1744; x_wconf 87' lang='lat' dir='ltr'>Strab.</span> <span class='ocrx_word' id='word_1_206' title='bbox 1626 1709 1673 1744; x_wconf 90' lang='lat' dir='ltr'>IX</span> <span class='ocrx_word' id='word_1_207' title='bbox 1690 1709 1768 1744; x_wconf 85' lang='lat'>395.</span> 
     </span>
     <span class='ocr_line' id='line_1_23' title="bbox 184 1767 1769 1813; baseline -0.004 -5"><span class='ocrx_word' id='word_1_208' title='bbox 184 1772 271 1809; x_wconf 85' lang='lat' dir='ltr'>Vitr.</span> <span class='ocrx_word' id='word_1_209' title='bbox 291 1771 354 1807; x_wconf 91' lang='lat' dir='ltr'>VII</span> <span class='ocrx_word' id='word_1_210' title='bbox 370 1770 403 1806; x_wconf 90' lang='grc'>8.</span> <span class='ocrx_word' id='word_1_211' title='bbox 429 1770 523 1805; x_wconf 90' lang='lat' dir='ltr'>Plin.</span> <span class='ocrx_word' id='word_1_212' title='bbox 541 1781 577 1804; x_wconf 90' lang='lat' dir='ltr'>n.</span> <span class='ocrx_word' id='word_1_213' title='bbox 594 1769 628 1803; x_wconf 92' lang='lat' dir='ltr'>h.</span> <span class='ocrx_word' id='word_1_214' title='bbox 645 1769 706 1805; x_wconf 92' lang='lat' dir='ltr'>VII</span> <span class='ocrx_word' id='word_1_215' title='bbox 725 1769 801 1804; x_wconf 79' lang='lat'>125.</span> <span class='ocrx_word' id='word_1_216' title='bbox 834 1769 930 1804; x_wconf 90' lang='lat' dir='ltr'>Plut.</span> <span class='ocrx_word' id='word_1_217' title='bbox 949 1768 1036 1804; x_wconf 88' lang='lat' dir='ltr'>Sull.</span> <span class='ocrx_word' id='word_1_218' title='bbox 1056 1768 1110 1803; x_wconf 89' lang='grc'>14.</span> <span class='ocrx_word' id='word_1_219' title='bbox 1135 1767 1297 1813; x_wconf 82' lang='lat' dir='ltr'>Appian.</span> <span class='ocrx_word' id='word_1_220' title='bbox 1314 1767 1433 1802; x_wconf 88' lang='lat' dir='ltr'>Mithr.</span> <span class='ocrx_word' id='word_1_221' title='bbox 1451 1767 1506 1809; x_wconf 88' lang='grc'>41)</span> <span class='ocrx_word' id='word_1_222' title='bbox 1534 1776 1636 1801; x_wconf 86' lang='lat' dir='ltr'>nunc</span> <span class='ocrx_word' id='word_1_223' title='bbox 1660 1768 1769 1802; x_wconf 88' lang='lat' dir='ltr'>intel-</span> 
     </span>
     <span class='ocr_line' id='line_1_24' title="bbox 184 1825 1769 1875; baseline -0.003 -11"><span class='ocrx_word' id='word_1_224' title='bbox 184 1830 318 1875; x_wconf 84' lang='lat' dir='ltr'>ligitur.</span> <span class='ocrx_word' id='word_1_225' title='bbox 345 1830 457 1864; x_wconf 87' lang='lat' dir='ltr'>Fouc.</span> <span class='ocrx_word' id='word_1_226' title='bbox 500 1827 673 1863; x_wconf 88' lang='lat' dir='ltr'>Ceterum</span> <span class='ocrx_word' id='word_1_227' title='bbox 697 1827 744 1862; x_wconf 83' lang='lat' dir='ltr'>IG</span> <span class='ocrx_word' id='word_1_228' title='bbox 761 1827 816 1861; x_wconf 77' lang='grc' dir='ltr'>ΙΙ2</span> <span class='ocrx_word' id='word_1_229' title='bbox 832 1827 937 1869; x_wconf 77' lang='lat'>46&#39;335</span> <span class='ocrx_word' id='word_1_230' title='bbox 961 1826 1050 1861; x_wconf 86' lang='lat' dir='ltr'>item</span> <span class='ocrx_word' id='word_1_231' title='bbox 1074 1825 1233 1860; x_wconf 88' lang='lat' dir='ltr'>nomina</span> <span class='ocrx_word' id='word_1_232' title='bbox 1258 1825 1446 1870; x_wconf 86' lang='lat' dir='ltr'>quaedam</span> <span class='ocrx_word' id='word_1_233' title='bbox 1473 1825 1649 1870; x_wconf 82' lang='lat' dir='ltr'>genetivo</span> <span class='ocrx_word' id='word_1_234' title='bbox 1676 1835 1769 1860; x_wconf 86' lang='lat' dir='ltr'>casu</span> 
     </span>
     <span class='ocr_line' id='line_1_25' title="bbox 184 1882 1769 1931; baseline -0.004 -9"><span class='ocrx_word' id='word_1_235' title='bbox 184 1886 368 1931; x_wconf 85' lang='lat' dir='ltr'>inscripta</span> <span class='ocrx_word' id='word_1_236' title='bbox 394 1886 555 1929; x_wconf 87' lang='lat' dir='ltr'>fuerunt,</span> <span class='ocrx_word' id='word_1_237' title='bbox 582 1895 680 1929; x_wconf 88' lang='lat' dir='ltr'>quae</span> <span class='ocrx_word' id='word_1_238' title='bbox 698 1887 915 1919; x_wconf 86' lang='lat' dir='ltr'>curatorum</span> <span class='ocrx_word' id='word_1_239' title='bbox 933 1885 1144 1926; x_wconf 73' lang='grc' dir='ltr'>(ἐπιστατῶν)</span> <span class='ocrx_word' id='word_1_240' title='bbox 1171 1885 1209 1917; x_wconf 91' lang='lat' dir='ltr'>et</span> <span class='ocrx_word' id='word_1_241' title='bbox 1234 1882 1430 1918; x_wconf 85' lang='lat' dir='ltr'>architecti</span> <span class='ocrx_word' id='word_1_242' title='bbox 1453 1893 1475 1917; x_wconf 85' lang='lat' dir='ltr'>a</span> <span class='ocrx_word' id='word_1_243' title='bbox 1492 1883 1632 1927; x_wconf 89' lang='lat' dir='ltr'>populo</span> <span class='ocrx_word' id='word_1_244' title='bbox 1651 1882 1769 1917; x_wconf 87' lang='lat' dir='ltr'>creati</span> 
     </span>
     <span class='ocr_line' id='line_1_26' title="bbox 186 1940 1767 1980; baseline -0.003 -1"><span class='ocrx_word' id='word_1_245' title='bbox 186 1955 271 1980; x_wconf 89' lang='lat' dir='ltr'>esse</span> <span class='ocrx_word' id='word_1_246' title='bbox 297 1942 457 1979; x_wconf 87' lang='lat' dir='ltr'>coniecit</span> <span class='ocrx_word' id='word_1_247' title='bbox 483 1942 654 1978; x_wconf 89' lang='lat' dir='ltr'>Koehler.</span> <span class='ocrx_word' id='word_1_248' title='bbox 701 1942 804 1976; x_wconf 90' lang='lat' dir='ltr'>Idem</span> <span class='ocrx_word' id='word_1_249' title='bbox 839 1941 884 1976; x_wconf 89' lang='lat' dir='ltr'>de</span> <span class='ocrx_word' id='word_1_250' title='bbox 910 1942 983 1976; x_wconf 86' lang='lat' dir='ltr'>hoc</span> <span class='ocrx_word' id='word_1_251' title='bbox 1015 1941 1121 1976; x_wconf 88' lang='lat' dir='ltr'>titulo</span> <span class='ocrx_word' id='word_1_252' title='bbox 1148 1940 1281 1976; x_wconf 85' lang='lat' dir='ltr'>statuit</span> <span class='ocrx_word' id='word_1_253' title='bbox 1307 1941 1420 1975; x_wconf 85' lang='lat' dir='ltr'>Fouc.</span> <span class='ocrx_word' id='word_1_254' title='bbox 1472 1940 1525 1975; x_wconf 89' lang='lat' dir='ltr'>Ac</span> <span class='ocrx_word' id='word_1_255' title='bbox 1552 1950 1636 1974; x_wconf 89' lang='lat' dir='ltr'>cum</span> <span class='ocrx_word' id='word_1_256' title='bbox 1664 1940 1767 1975; x_wconf 87' lang='lat' dir='ltr'>Philo</span> 
     </span>
     <span class='ocr_line' id='line_1_27' title="bbox 189 1997 1769 2048; baseline -0.003 -11"><span class='ocrx_word' id='word_1_257' title='bbox 189 2001 322 2048; x_wconf 82' lang='lat' dir='ltr'>procul</span> <span class='ocrx_word' id='word_1_258' title='bbox 352 2000 465 2036; x_wconf 84' lang='lat' dir='ltr'>dubio</span> <span class='ocrx_word' id='word_1_259' title='bbox 492 2000 724 2035; x_wconf 86' lang='lat' dir='ltr'>architectus</span> <span class='ocrx_word' id='word_1_260' title='bbox 757 2001 817 2043; x_wconf 87' lang='lat' dir='ltr'>sit,</span> <span class='ocrx_word' id='word_1_261' title='bbox 849 1998 1129 2043; x_wconf 82' lang='lat' dir='ltr'>Euthydomum</span> <span class='ocrx_word' id='word_1_262' title='bbox 1163 1998 1368 2042; x_wconf 88' lang='lat' dir='ltr'>epistatam</span> <span class='ocrx_word' id='word_1_263' title='bbox 1399 1997 1512 2032; x_wconf 88' lang='lat' dir='ltr'>fuisse</span> <span class='ocrx_word' id='word_1_264' title='bbox 1548 1997 1769 2041; x_wconf 87' lang='lat' dir='ltr'>conieceris‚</span> 
     </span>
     <span class='ocr_line' id='line_1_28' title="bbox 187 2055 1769 2102; baseline -0.004 -7"><span class='ocrx_word' id='word_1_265' title='bbox 187 2060 254 2095; x_wconf 85' lang='lat' dir='ltr'>sed</span> <span class='ocrx_word' id='word_1_266' title='bbox 280 2069 366 2094; x_wconf 86' lang='lat' dir='ltr'>cum</span> <span class='ocrx_word' id='word_1_267' title='bbox 391 2068 538 2102; x_wconf 85' lang='lat' dir='ltr'>semper</span> <span class='ocrx_word' id='word_1_268' title='bbox 555 2056 710 2102; x_wconf 80' lang='lat' dir='ltr'>collegio</span> <span class='ocrx_word' id='word_1_269' title='bbox 731 2057 860 2091; x_wconf 87' lang='lat' dir='ltr'>talium</span> <span class='ocrx_word' id='word_1_270' title='bbox 881 2056 1140 2091; x_wconf 85' lang='lat' dir='ltr'>aedificiorum</span> <span class='ocrx_word' id='word_1_271' title='bbox 1168 2066 1259 2090; x_wconf 87' lang='lat' dir='ltr'>cura</span> <span class='ocrx_word' id='word_1_272' title='bbox 1275 2055 1460 2090; x_wconf 85' lang='lat' dir='ltr'>mandata</span> <span class='ocrx_word' id='word_1_273' title='bbox 1484 2065 1567 2090; x_wconf 90' lang='lat' dir='ltr'>esse</span> <span class='ocrx_word' id='word_1_274' title='bbox 1585 2055 1769 2096; x_wconf 84' lang='lat' dir='ltr'>videatur,</span> 
     </span>
     <span class='ocr_line' id='line_1_29' title="bbox 188 2112 1771 2160; baseline -0.004 -8"><span class='ocrx_word' id='word_1_275' title='bbox 188 2128 265 2152; x_wconf 92' lang='lat' dir='ltr'>non</span> <span class='ocrx_word' id='word_1_276' title='bbox 290 2115 521 2160; x_wconf 84' lang='lat' dir='ltr'>intelligitur,</span> <span class='ocrx_word' id='word_1_277' title='bbox 548 2125 613 2150; x_wconf 89' lang='lat' dir='ltr'>cur</span> <span class='ocrx_word' id='word_1_278' title='bbox 637 2115 700 2149; x_wconf 84' lang='lat' dir='ltr'>hic</span> <span class='ocrx_word' id='word_1_279' title='bbox 724 2125 823 2149; x_wconf 89' lang='lat' dir='ltr'>unus</span> <span class='ocrx_word' id='word_1_280' title='bbox 848 2114 962 2149; x_wconf 91' lang='lat' dir='ltr'>modo</span> <span class='ocrx_word' id='word_1_281' title='bbox 985 2115 1139 2148; x_wconf 88' lang='lat' dir='ltr'>curator</span> <span class='ocrx_word' id='word_1_282' title='bbox 1155 2115 1410 2148; x_wconf 82' lang='lat' dir='ltr'>recenseatur.</span> <span class='ocrx_word' id='word_1_283' title='bbox 1452 2112 1561 2148; x_wconf 86' lang='lat' dir='ltr'>Fabr.</span> <span class='ocrx_word' id='word_1_284' title='bbox 1581 2123 1667 2146; x_wconf 84' lang='lat' dir='ltr'>eum</span> <span class='ocrx_word' id='word_1_285' title='bbox 1692 2122 1771 2147; x_wconf 87' lang='lat' dir='ltr'>una</span> 
     </span>
     <span class='ocr_line' id='line_1_30' title="bbox 189 2170 1769 2217; baseline -0.003 -8"><span class='ocrx_word' id='word_1_286' title='bbox 189 2185 274 2210; x_wconf 89' lang='lat' dir='ltr'>cum</span> <span class='ocrx_word' id='word_1_287' title='bbox 291 2174 449 2208; x_wconf 82' lang='lat' dir='ltr'>Philone</span> <span class='ocrx_word' id='word_1_288' title='bbox 467 2173 568 2207; x_wconf 87' lang='lat' dir='ltr'>hanc</span> <span class='ocrx_word' id='word_1_289' title='bbox 585 2173 706 2216; x_wconf 88' lang='lat' dir='ltr'>legem</span> <span class='ocrx_word' id='word_1_290' title='bbox 726 2171 851 2217; x_wconf 88' lang='lat' dir='ltr'>operis</span> <span class='ocrx_word' id='word_1_291' title='bbox 869 2171 1036 2206; x_wconf 90' lang='lat' dir='ltr'>faciendi</span> <span class='ocrx_word' id='word_1_292' title='bbox 1054 2171 1274 2206; x_wconf 86' lang='lat' dir='ltr'>elaborasse</span> <span class='ocrx_word' id='word_1_293' title='bbox 1297 2170 1470 2205; x_wconf 88' lang='lat' dir='ltr'>coniecit.</span> <span class='ocrx_word' id='word_1_294' title='bbox 1513 2170 1606 2205; x_wconf 90' lang='lat' dir='ltr'>Cum</span> <span class='ocrx_word' id='word_1_295' title='bbox 1625 2170 1769 2204; x_wconf 87' lang='lat' dir='ltr'>nullum</span> 
     </span>
     <span class='ocr_line' id='line_1_31' title="bbox 190 2227 1771 2276; baseline -0.003 -10"><span class='ocrx_word' id='word_1_296' title='bbox 190 2231 453 2276; x_wconf 86' lang='lat' dir='ltr'>praemittatur</span> <span class='ocrx_word' id='word_1_297' title='bbox 477 2230 752 2275; x_wconf 88' lang='lat' dir='ltr'>populiscitum‚</span> <span class='ocrx_word' id='word_1_298' title='bbox 784 2230 855 2264; x_wconf 86' lang='lat' dir='ltr'>has</span> <span class='ocrx_word' id='word_1_299' title='bbox 888 2229 1135 2264; x_wconf 87' lang='lat' dir='ltr'>condiciones</span> <span class='ocrx_word' id='word_1_300' title='bbox 1167 2229 1285 2272; x_wconf 85' lang='lat' dir='ltr'>lapidi</span> <span class='ocrx_word' id='word_1_301' title='bbox 1310 2239 1388 2263; x_wconf 90' lang='lat' dir='ltr'>non</span> <span class='ocrx_word' id='word_1_302' title='bbox 1421 2227 1563 2262; x_wconf 86' lang='lat' dir='ltr'>incisas</span> <span class='ocrx_word' id='word_1_303' title='bbox 1588 2238 1672 2262; x_wconf 89' lang='lat' dir='ltr'>esse</span> <span class='ocrx_word' id='word_1_304' title='bbox 1699 2227 1771 2262; x_wconf 90' lang='lat' dir='ltr'>nisi</span> 
     </span>
     <span class='ocr_line' id='line_1_32' title="bbox 188 2286 1770 2334; baseline -0.004 -10"><span class='ocrx_word' id='word_1_305' title='bbox 188 2289 337 2334; x_wconf 86' lang='lat' dir='ltr'>privato</span> <span class='ocrx_word' id='word_1_306' title='bbox 362 2289 500 2323; x_wconf 89' lang='lat' dir='ltr'>horum</span> <span class='ocrx_word' id='word_1_307' title='bbox 526 2287 808 2322; x_wconf 89' lang='lat' dir='ltr'>duumvirorum</span> <span class='ocrx_word' id='word_1_308' title='bbox 827 2286 998 2331; x_wconf 88' lang='lat' dir='ltr'>consilio,</span> <span class='ocrx_word' id='word_1_309' title='bbox 1023 2298 1098 2332; x_wconf 90' lang='lat' dir='ltr'>qua</span> <span class='ocrx_word' id='word_1_310' title='bbox 1124 2287 1169 2321; x_wconf 90' lang='lat' dir='ltr'>de</span> <span class='ocrx_word' id='word_1_311' title='bbox 1195 2297 1314 2321; x_wconf 84' lang='lat' dir='ltr'>causa</span> <span class='ocrx_word' id='word_1_312' title='bbox 1331 2287 1446 2320; x_wconf 89' lang='lat' dir='ltr'>etiam</span> <span class='ocrx_word' id='word_1_313' title='bbox 1464 2286 1622 2320; x_wconf 87' lang='lat' dir='ltr'>nomina</span> <span class='ocrx_word' id='word_1_314' title='bbox 1640 2295 1770 2319; x_wconf 88' lang='lat' dir='ltr'>eorum</span> 
     </span>
     <span class='ocr_line' id='line_1_33' title="bbox 187 2342 1771 2391; baseline -0.003 -10"><span class='ocrx_word' id='word_1_315' title='bbox 187 2357 293 2382; x_wconf 89' lang='lat' dir='ltr'>mero</span> <span class='ocrx_word' id='word_1_316' title='bbox 319 2345 493 2391; x_wconf 84' lang='lat' dir='ltr'>genetivo</span> <span class='ocrx_word' id='word_1_317' title='bbox 521 2344 825 2389; x_wconf 84' lang='lat' dir='ltr'>praemittantur,</span> <span class='ocrx_word' id='word_1_318' title='bbox 850 2343 951 2379; x_wconf 84' lang='lat' dir='ltr'>idem</span> <span class='ocrx_word' id='word_1_319' title='bbox 978 2344 1178 2379; x_wconf 83' lang='lat' dir='ltr'>existimat.</span> <span class='ocrx_word' id='word_1_320' title='bbox 1290 2346 1315 2378; x_wconf 89' lang='grc'><strong>6</strong></span> <span class='ocrx_word' id='word_1_321' title='bbox 1343 2344 1396 2378; x_wconf 93' lang='lat' dir='ltr'>De</span> <span class='ocrx_word' id='word_1_322' title='bbox 1419 2343 1493 2377; x_wconf 86' lang='lat' dir='ltr'>hac</span> <span class='ocrx_word' id='word_1_323' title='bbox 1516 2342 1642 2377; x_wconf 84' lang='lat' dir='ltr'>Piraei</span> <span class='ocrx_word' id='word_1_324' title='bbox 1666 2344 1771 2386; x_wconf 88' lang='lat' dir='ltr'>parte</span> 
     </span>
     <span class='ocr_line' id='line_1_34' title="bbox 189 2399 1770 2447; baseline -0.003 -9"><span class='ocrx_word' id='word_1_325' title='bbox 189 2403 236 2438; x_wconf 88' lang='lat' dir='ltr'>cf.</span> <span class='ocrx_word' id='word_1_326' title='bbox 263 2403 374 2438; x_wconf 88' lang='lat' dir='ltr'>Bekk.</span> <span class='ocrx_word' id='word_1_327' title='bbox 400 2403 543 2444; x_wconf 86' lang='lat' dir='ltr'>Anecd.</span> <span class='ocrx_word' id='word_1_328' title='bbox 561 2403 659 2445; x_wconf 77' lang='lat'>2613.</span> <span class='ocrx_word' id='word_1_329' title='bbox 684 2402 800 2444; x_wconf 72' lang='lat'>31117.</span> <span class='ocrx_word' id='word_1_330' title='bbox 839 2402 949 2437; x_wconf 90' lang='lat' dir='ltr'>Phot.</span> <span class='ocrx_word' id='word_1_331' title='bbox 968 2401 1126 2447; x_wconf 78' lang='lat' dir='ltr'>Hesych.</span> <span class='ocrx_word' id='word_1_332' title='bbox 1146 2414 1172 2437; x_wconf 91' lang='lat' dir='ltr'>s.</span> <span class='ocrx_word' id='word_1_333' title='bbox 1191 2412 1225 2436; x_wconf 84' lang='lat' dir='ltr'>v.</span> <span class='ocrx_word' id='word_1_334' title='bbox 1269 2400 1323 2435; x_wconf 90' lang='lat' dir='ltr'>De</span> <span class='ocrx_word' id='word_1_335' title='bbox 1349 2413 1378 2435; x_wconf 78' lang='grc' dir='ltr'>ει</span> <span class='ocrx_word' id='word_1_336' title='bbox 1402 2411 1470 2445; x_wconf 88' lang='lat' dir='ltr'>pro</span> <span class='ocrx_word' id='word_1_337' title='bbox 1496 2399 1607 2434; x_wconf 87' lang='lat' dir='ltr'>solito</span> <span class='ocrx_word' id='word_1_338' title='bbox 1634 2413 1648 2434; x_wconf 84' lang='grc' dir='ltr'>ε</span> <span class='ocrx_word' id='word_1_339' title='bbox 1684 2402 1770 2435; x_wconf 87' lang='lat' dir='ltr'>ante</span> 
     </span>
     <span class='ocr_line' id='line_1_35' title="bbox 191 2457 1773 2502; baseline -0.002 -8"><span class='ocrx_word' id='word_1_340' title='bbox 191 2461 345 2496; x_wconf 83' lang='lat' dir='ltr'>vocales</span> <span class='ocrx_word' id='word_1_341' title='bbox 372 2460 484 2495; x_wconf 87' lang='lat' dir='ltr'>scribi</span> <span class='ocrx_word' id='word_1_342' title='bbox 508 2459 619 2495; x_wconf 86' lang='lat' dir='ltr'>solito</span> <span class='ocrx_word' id='word_1_343' title='bbox 646 2460 691 2495; x_wconf 84' lang='lat' dir='ltr'>cf.</span> <span class='ocrx_word' id='word_1_344' title='bbox 719 2471 753 2494; x_wconf 94' lang='lat' dir='ltr'>n.</span> <span class='ocrx_word' id='word_1_345' title='bbox 773 2459 871 2494; x_wconf 79' lang='lat'>2164.</span> <span class='ocrx_word' id='word_1_346' title='bbox 984 2462 1007 2494; x_wconf 84' lang='lat'><strong>7</strong></span> <span class='ocrx_word' id='word_1_347' title='bbox 1034 2460 1135 2494; x_wconf 87' lang='lat' dir='ltr'>Zeae</span> <span class='ocrx_word' id='word_1_348' title='bbox 1161 2461 1271 2493; x_wconf 87' lang='lat' dir='ltr'>erant</span> <span class='ocrx_word' id='word_1_349' title='bbox 1297 2461 1446 2493; x_wconf 89' lang='lat' dir='ltr'>centum</span> <span class='ocrx_word' id='word_1_350' title='bbox 1471 2457 1682 2502; x_wconf 82' lang='lat' dir='ltr'>nonaginta</span> <span class='ocrx_word' id='word_1_351' title='bbox 1707 2468 1773 2492; x_wconf 85' lang='lat' dir='ltr'>sex</span> 
     </span>
     <span class='ocr_line' id='line_1_36' title="bbox 195 2514 1773 2564; baseline -0.002 -12"><span class='ocrx_word' id='word_1_352' title='bbox 195 2530 214 2552; x_wconf 90' lang='lat' dir='ltr'>e</span> <span class='ocrx_word' id='word_1_353' title='bbox 240 2528 397 2553; x_wconf 90' lang='lat' dir='ltr'>numero</span> <span class='ocrx_word' id='word_1_354' title='bbox 429 2520 686 2552; x_wconf 86' lang='lat' dir='ltr'>trecentorum</span> <span class='ocrx_word' id='word_1_355' title='bbox 722 2517 965 2561; x_wconf 86' lang='lat' dir='ltr'>septuaginta</span> <span class='ocrx_word' id='word_1_356' title='bbox 999 2517 1156 2551; x_wconf 88' lang='lat' dir='ltr'>duorum</span> <span class='ocrx_word' id='word_1_357' title='bbox 1188 2516 1394 2558; x_wconf 79' lang='lat' dir='ltr'>navalium,</span> <span class='ocrx_word' id='word_1_358' title='bbox 1429 2526 1527 2560; x_wconf 86' lang='lat' dir='ltr'>quae</span> <span class='ocrx_word' id='word_1_359' title='bbox 1561 2514 1773 2564; x_wconf 64' lang='lat' dir='ltr'>respublica</span> 
     </span>
     <span class='ocr_line' id='line_1_37' title="bbox 193 2571 1773 2620; baseline -0.003 -10"><span class='ocrx_word' id='word_1_360' title='bbox 193 2574 482 2610; x_wconf 86' lang='lat' dir='ltr'>Atheniensium</span> <span class='ocrx_word' id='word_1_361' title='bbox 515 2577 649 2620; x_wconf 89' lang='lat' dir='ltr'>quarto</span> <span class='ocrx_word' id='word_1_362' title='bbox 683 2575 839 2609; x_wconf 82' lang='lat' dir='ltr'>saeculo</span> <span class='ocrx_word' id='word_1_363' title='bbox 873 2573 1044 2609; x_wconf 85' lang='lat' dir='ltr'>habebat</span> <span class='ocrx_word' id='word_1_364' title='bbox 1077 2573 1241 2616; x_wconf 85' lang='lat' dir='ltr'>(Boeckh</span> <span class='ocrx_word' id='word_1_365' title='bbox 1268 2573 1419 2608; x_wconf 89' lang='lat' dir='ltr'>Seeurk.</span> <span class='ocrx_word' id='word_1_366' title='bbox 1443 2573 1497 2608; x_wconf 82' lang='lat'>68.</span> <span class='ocrx_word' id='word_1_367' title='bbox 1523 2572 1612 2611; x_wconf 48' lang='lat'>4143.</span> <span class='ocrx_word' id='word_1_368' title='bbox 1653 2571 1773 2617; x_wconf 88' lang='lat' dir='ltr'>Atque</span> 
     </span>
     <span class='ocr_line' id='line_1_38' title="bbox 195 2629 1773 2677; baseline -0.003 -10"><span class='ocrx_word' id='word_1_369' title='bbox 195 2643 325 2667; x_wconf 90' lang='lat' dir='ltr'>eorum</span> <span class='ocrx_word' id='word_1_370' title='bbox 362 2643 451 2677; x_wconf 86' lang='lat' dir='ltr'>pars</span> <span class='ocrx_word' id='word_1_371' title='bbox 486 2631 541 2666; x_wconf 84' lang='lat' dir='ltr'>ita</span> <span class='ocrx_word' id='word_1_372' title='bbox 577 2634 771 2667; x_wconf 83' lang='lat' dir='ltr'>exstructa</span> <span class='ocrx_word' id='word_1_373' title='bbox 808 2633 900 2675; x_wconf 81' lang='lat' dir='ltr'>erat,</span> <span class='ocrx_word' id='word_1_374' title='bbox 937 2634 979 2666; x_wconf 91' lang='lat' dir='ltr'>ut</span> <span class='ocrx_word' id='word_1_375' title='bbox 1009 2642 1124 2666; x_wconf 88' lang='lat' dir='ltr'>unum</span> <span class='ocrx_word' id='word_1_376' title='bbox 1157 2630 1379 2666; x_wconf 86' lang='lat' dir='ltr'>continuum</span> <span class='ocrx_word' id='word_1_377' title='bbox 1412 2632 1554 2664; x_wconf 88' lang='lat' dir='ltr'>tectum</span> <span class='ocrx_word' id='word_1_378' title='bbox 1588 2629 1773 2664; x_wconf 86' lang='lat' dir='ltr'>haberent</span> 
     </span>
     <span class='ocr_line' id='line_1_39' title="bbox 196 2687 1773 2737; baseline -0.001 -15"><span class='ocrx_word' id='word_1_379' title='bbox 196 2691 377 2731; x_wconf 80' lang='grc' dir='ltr'>(νεώσοικοι</span> <span class='ocrx_word' id='word_1_380' title='bbox 402 2692 600 2737; x_wconf 76' lang='grc' dir='ltr'>ὁμοτεγεῖς),</span> <span class='ocrx_word' id='word_1_381' title='bbox 710 2691 736 2724; x_wconf 91' lang='lat'>8</span> <span class='ocrx_word' id='word_1_382' title='bbox 762 2689 892 2724; x_wconf 86' lang='lat' dir='ltr'>Solum</span> <span class='ocrx_word' id='word_1_383' title='bbox 919 2689 1156 2733; x_wconf 84' lang='lat' dir='ltr'>purgandum</span> <span class='ocrx_word' id='word_1_384' title='bbox 1183 2691 1242 2723; x_wconf 88' lang='lat' dir='ltr'>est</span> <span class='ocrx_word' id='word_1_385' title='bbox 1267 2688 1355 2722; x_wconf 89' lang='lat' dir='ltr'>dum</span> <span class='ocrx_word' id='word_1_386' title='bbox 1382 2688 1430 2723; x_wconf 94' lang='lat' dir='ltr'>ad</span> <span class='ocrx_word' id='word_1_387' title='bbox 1453 2687 1612 2722; x_wconf 89' lang='lat' dir='ltr'>solidum</span> <span class='ocrx_word' id='word_1_388' title='bbox 1639 2696 1773 2721; x_wconf 86' lang='lat' dir='ltr'>saxum</span> 
     </span>
     <span class='ocr_line' id='line_1_40' title="bbox 196 2744 1772 2789; baseline -0.002 -10"><span class='ocrx_word' id='word_1_389' title='bbox 196 2746 446 2789; x_wconf 83' lang='lat' dir='ltr'>perveniatur.</span> <span class='ocrx_word' id='word_1_390' title='bbox 556 2749 581 2782; x_wconf 85' lang='grc'><strong>9</strong></span> <span class='ocrx_word' id='word_1_391' title='bbox 608 2747 762 2782; x_wconf 85' lang='lat' dir='ltr'>Libella.</span> <span class='ocrx_word' id='word_1_392' title='bbox 806 2747 858 2782; x_wconf 90' lang='lat' dir='ltr'>Cf.</span> <span class='ocrx_word' id='word_1_393' title='bbox 878 2745 1071 2781; x_wconf 86' lang='lat' dir='ltr'>Fabricius</span> <span class='ocrx_word' id='word_1_394' title='bbox 1091 2746 1142 2781; x_wconf 91' lang='lat' dir='ltr'>De</span> <span class='ocrx_word' id='word_1_395' title='bbox 1161 2746 1416 2781; x_wconf 87' lang='lat' dir='ltr'>architectura</span> <span class='ocrx_word' id='word_1_396' title='bbox 1435 2745 1582 2781; x_wconf 88' lang='lat' dir='ltr'>Graeca</span> <span class='ocrx_word' id='word_1_397' title='bbox 1602 2744 1699 2785; x_wconf 88' lang='lat'>1881,</span> <span class='ocrx_word' id='word_1_398' title='bbox 1718 2744 1772 2777; x_wconf 79' lang='lat'>72.</span> 
     </span>
     <span class='ocr_line' id='line_1_41' title="bbox 197 2801 1772 2851; baseline -0.001 -15"><span class='ocrx_word' id='word_1_399' title='bbox 197 2801 366 2838; x_wconf 89' lang='lat' dir='ltr'>Ceterum</span> <span class='ocrx_word' id='word_1_400' title='bbox 397 2805 470 2840; x_wconf 91' lang='lat' dir='ltr'>hoc</span> <span class='ocrx_word' id='word_1_401' title='bbox 503 2812 642 2851; x_wconf 74' lang='grc' dir='ltr'>στρῶμα</span> <span class='ocrx_word' id='word_1_402' title='bbox 672 2815 750 2839; x_wconf 90' lang='lat' dir='ltr'>non</span> <span class='ocrx_word' id='word_1_403' title='bbox 785 2805 889 2839; x_wconf 89' lang='lat' dir='ltr'>omni</span> <span class='ocrx_word' id='word_1_404' title='bbox 920 2803 1081 2838; x_wconf 87' lang='lat' dir='ltr'>aedificii</span> <span class='ocrx_word' id='word_1_405' title='bbox 1105 2803 1283 2847; x_wconf 89' lang='lat' dir='ltr'>planiciei</span> <span class='ocrx_word' id='word_1_406' title='bbox 1310 2802 1465 2847; x_wconf 90' lang='lat' dir='ltr'>imponi,</span> <span class='ocrx_word' id='word_1_407' title='bbox 1499 2802 1565 2836; x_wconf 88' lang='lat' dir='ltr'>sed</span> <span class='ocrx_word' id='word_1_408' title='bbox 1591 2801 1772 2845; x_wconf 81' lang='lat' dir='ltr'>parietum</span> 
     </span>
     <span class='ocr_line' id='line_1_42' title="bbox 197 2859 1773 2907; baseline -0.001 -15"><span class='ocrx_word' id='word_1_409' title='bbox 197 2859 308 2894; x_wconf 89' lang='lat' dir='ltr'>modo</span> <span class='ocrx_word' id='word_1_410' title='bbox 334 2861 587 2898; x_wconf 81' lang='lat' dir='ltr'>fundamenta</span> <span class='ocrx_word' id='word_1_411' title='bbox 610 2862 870 2907; x_wconf 86' lang='lat' dir='ltr'>intellegenda</span> <span class='ocrx_word' id='word_1_412' title='bbox 888 2871 981 2904; x_wconf 88' lang='lat' dir='ltr'>esse,</span> <span class='ocrx_word' id='word_1_413' title='bbox 1009 2872 1091 2896; x_wconf 88' lang='lat' dir='ltr'>cum</span> <span class='ocrx_word' id='word_1_414' title='bbox 1117 2871 1163 2895; x_wconf 85' lang='lat' dir='ltr'>ex</span> <span class='ocrx_word' id='word_1_415' title='bbox 1184 2862 1365 2905; x_wconf 88' lang='lat' dir='ltr'>separata</span> <span class='ocrx_word' id='word_1_416' title='bbox 1384 2860 1644 2894; x_wconf 83' lang='lat' dir='ltr'>columnarum</span> <span class='ocrx_word' id='word_1_417' title='bbox 1668 2868 1773 2892; x_wconf 91' lang='lat' dir='ltr'>men-</span> 
     </span>
     <span class='ocr_line' id='line_1_43' title="bbox 199 2916 1773 2965; baseline -0.001 -16"><span class='ocrx_word' id='word_1_418' title='bbox 199 2916 302 2951; x_wconf 88' lang='lat' dir='ltr'>tione</span> <span class='ocrx_word' id='word_1_419' title='bbox 328 2921 542 2965; x_wconf 66' lang='grc' dir='ltr'>(στρωματιεῖ</span> <span class='ocrx_word' id='word_1_420' title='bbox 575 2921 611 2954; x_wconf 76' lang='grc' dir='ltr'>δὲ</span> <span class='ocrx_word' id='word_1_421' title='bbox 635 2922 790 2958; x_wconf 80' lang='grc' dir='ltr'>καὶτοῖς</span> <span class='ocrx_word' id='word_1_422' title='bbox 814 2921 933 2960; x_wconf 79' lang='grc' dir='ltr'>κίοσιν)</span> <span class='ocrx_word' id='word_1_423' title='bbox 964 2921 1042 2953; x_wconf 91' lang='lat' dir='ltr'>tum</span> <span class='ocrx_word' id='word_1_424' title='bbox 1074 2929 1120 2953; x_wconf 84' lang='lat' dir='ltr'>ex</span> <span class='ocrx_word' id='word_1_425' title='bbox 1151 2917 1344 2953; x_wconf 87' lang='lat' dir='ltr'>constanti</span> <span class='ocrx_word' id='word_1_426' title='bbox 1377 2916 1670 2951; x_wconf 80' lang='lat' dir='ltr'>architectorum</span> <span class='ocrx_word' id='word_1_427' title='bbox 1702 2924 1773 2949; x_wconf 92' lang='lat' dir='ltr'>usu</span> 
     </span>
     <span class='ocr_line' id='line_1_44' title="bbox 199 2971 1770 3021; baseline -0.001 -14"><span class='ocrx_word' id='word_1_428' title='bbox 199 2973 348 3018; x_wconf 84' lang='lat' dir='ltr'>collegit</span> <span class='ocrx_word' id='word_1_429' title='bbox 371 2976 477 3011; x_wconf 86' lang='lat' dir='ltr'>Fabr.</span> <span class='ocrx_word' id='word_1_430' title='bbox 497 2977 535 3011; x_wconf 92' lang='lat' dir='ltr'>in</span> <span class='ocrx_word' id='word_1_431' title='bbox 556 2977 705 3013; x_wconf 86' lang='lat' dir='ltr'>Herma.</span> <span class='ocrx_word' id='word_1_432' title='bbox 819 2979 868 3011; x_wconf 91' lang='lat'>10</span> <span class='ocrx_word' id='word_1_433' title='bbox 893 2976 1037 3011; x_wconf 89' lang='lat' dir='ltr'>Alterni</span> <span class='ocrx_word' id='word_1_434' title='bbox 1060 2976 1230 3021; x_wconf 86' lang='lat' dir='ltr'>lapidum</span> <span class='ocrx_word' id='word_1_435' title='bbox 1258 2974 1409 3010; x_wconf 86' lang='lat' dir='ltr'>ordines</span> <span class='ocrx_word' id='word_1_436' title='bbox 1433 2973 1472 3007; x_wconf 88' lang='lat' dir='ltr'>in</span> <span class='ocrx_word' id='word_1_437' title='bbox 1497 2971 1770 3016; x_wconf 86' lang='lat' dir='ltr'>longitudinem</span> 
     </span>
    </p>
   </div>
   <div class='ocr_carea' id='block_1_5' title="bbox 1721 3087 1773 3127">
    <p class='ocr_par' dir='ltr' id='par_1_9' title="bbox 1721 3087 1773 3127">
     <span class='ocr_line' id='line_1_45' title="bbox 1721 3087 1773 3127; baseline 0.019 -1"><span class='ocrx_word' id='word_1_438' title='bbox 1721 3087 1773 3127; x_wconf 80' lang='lat'>77</span> 
     </span>
    </p>
   </div>
  </div>
 </body>
</html>
