2198 3522
225 306 328 354 1073.
815 305 1000 341 Athenae.
1041 305 1230 349 Olympia.
1312 294 1313 297 ¹
1730 308 1809 343 114.

156 445 193 487 II
773 441 984 488 Ἠλείων
1017 446 1254 502 ψήφισμα.

228 514 621 572 ἐμφανίσαντός
659 515 779 570 μοι5
818 513 991 571 Μάρκου
1030 512 1250 569 Βετιληνοό
1280 515 1477 567 Λαίτουθ,
1506 514 1510 571 Ι
1535 516 1596 556 ὅτι
1627 515 1810 572 Τιβέριος

158 588 203 623 15
230 582 432 631 Κλαύδιος
447 582 631 639 Ῥοῦφος,
665 583 765 639 ἀνὴρ
786 582 1131 640 πανκραΙτιαστὴς,
1161 582 1225 626 ἐπὶ
1245 582 1311 625 τὸν
1332 587 1409 625 τῶν
1429 581 1651 639 Ὀλυμπίων
1675 586 1811 640 ἀγῶνα

226 651 560 709 παραγεΙνόμενος
592 652 843 706 ἐπεδήμησεν
874 668 916 693 τε
948 650 1048 707 μετὰ
1078 651 1222 699 παντὸς
1242 651 1247 709 Ι
1267 654 1307 694 ἐν
1339 658 1388 708 τῇ
1420 654 1534 694 πόλει
1561 654 1723 707 κόσμου,
1757 655 1810 700 ὡς

226 721 357 776 πάσης
398 720 515 762 αὐτὸν
558 719 883 777 μαρτυρίαςΙέπὶ
927 721 1167 778 σωφροσύνῃ
1206 720 1273 762 καὶ
1314 727 1427 776 κοινῇ
1465 721 1532 762 καὶ
1569 718 1651 762 κατ’
1688 721 1813 777 ἄνδρα

158 795 204 830 20
226 787 337 846 παρὰ
368 793 486 832 πᾶσιν
506 789 510 847 Ι
530 790 788 845 ἐπιτήδειονῖ
821 789 1068 845 νομίζεσθαι,
1101 789 1174 837 τάς
1205 806 1247 832 τε
1277 791 1498 846 γυμνασίας
1530 788 1704 847 ἐνΙόψει
1733 795 1810 831 τῶν

227 860 493 912 ἑλληνοδικῶν
516 857 618 900 κατὰ
645 859 688 900 τὸ
716 856 883 915 πάτριον
911 862 988 900 τῶν
1009 857 1013 915 Ι
1033 859 1196 914 ἀγώνων
1219 858 1314 906 ἔθος
1338 860 1543 901 ἀπέδωκεν
1566 860 1810 914 ἐπιμελῶςὸ,

228 929 281 974 ὡς
312 927 658 983 πρόδηλονΙεῖναι
695 927 766 983 τὴν
807 927 949 970 ἐλπίδα
987 929 1090 983 τῆς9
1132 927 1196 969 ἐπὶ
1236 927 1301 970 τὸν
1343 928 1555 984 ἱερώτατον
1595 927 1812 984 στέφανονΙ

228 997 366 1050 αὐτῶι,
403 994 470 1038 καὶ
508 998 608 1038 διότι
637 998 960 1053 παραγενόμενος
999 998 1055 1043 εἰς
1092 996 1135 1038 τὸ
1169 995 1328 1038 στάδιον
1349 996 1353 1053 Ι
1374 997 1492 1044 ἀξίως
1523 995 1591 1038 καὶ
1621 1000 1690 1038 τοῦ
1722 996 1813 1043 Διὸς

158 1070 203 1105 25
227 1069 295 1107 τοῦ
324 1063 543 1121 Ὀλυμπίου
580 1065 649 1107 καὶ
687 1070 756 1121 τῆς
798 1064 1118 1123 ἀθλήσεωςΙκαὶ
1155 1070 1225 1121 τῆς
1264 1065 1362 1122 ὑπὲρ
1401 1066 1521 1107 αὐτοῦ
1552 1063 1662 1122 παρὰ
1694 1069 1814 1108 πᾶσιν

230 1135 466 1191 ὑπολήψεως
505 1134 774 1192 ὑπαρΙχούσης
811 1134 1035 1190 ἠγωνίσατο
1075 1135 1178 1191 μέγα
1207 1152 1245 1177 τι
1274 1133 1343 1176 καὶ
1376 1135 1621 1190 θαυμαστόν,
1653 1134 1812 1191 ὥσπερΙ

228 1226 470 1262 habebantur
493 1236 681 1260 summam
700 1236 829 1260 curam
847 1225 1030 1260 habuisse
1050 1227 1088 1260 et
1107 1225 1155 1260 ab
1173 1225 1403 1270 imperatore
1420 1225 1635 1260 institutum
1655 1235 1751 1269 esse,
1776 1225 1815 1260 id

228 1284 343 1319 etiam
371 1283 462 1319 alibi
488 1284 665 1328 tangitur.
709 1283 762 1318 Cf.
781 1283 1019 1328 potissimum
1047 1282 1283 1328 epigramma
1299 1283 1345 1318 IG
1363 1283 1410 1317 III
1428 1282 1533 1317 1171:
1568 1283 1603 1317 ὃν
1630 1283 1814 1329 βασιλῆς

230 1343 373 1389 ἔστεψαν
406 1339 452 1375 ἐπ’
487 1342 617 1387 εὐδικίῃ
645 1341 769 1386 βιότοιο
793 1342 852 1375 καὶ
878 1341 1022 1378 σταδίοις
1050 1342 1153 1386 ἱεροῖς
1180 1347 1304 1387 στῆσαν
1330 1340 1541 1386 ἀεθλοθέτην
1568 1341 1814 1387 ξυστάρχην

231 1398 444 1445 Κεκρόπεσσι
484 1399 542 1433 καὶ
582 1398 773 1444 ἀθλητῆρσι
814 1398 1000 1443 Τρύφωνα,
1047 1399 1182 1445 πάτρη
1223 1400 1400 1443 κοσμητὴν
1444 1399 1556 1431 παισὶν
1597 1399 1667 1435 εὀἴς
1705 1398 1814 1433 ἔθετο.

277 1461 301 1492 5
327 1458 523 1502 Nusquam
550 1455 750 1499 indicatur,
778 1456 862 1501 quis
887 1455 949 1490 hio
974 1455 1097 1500 prima
1119 1466 1285 1499 persona
1304 1455 1349 1490 de
1369 1465 1410 1489 se
1428 1455 1613 1500 loquatur.
1655 1454 1731 1489 Sed
1755 1465 1816 1490 res

229 1515 284 1550 ita
309 1525 350 1550 se
376 1515 519 1549 habere
545 1513 707 1548 videtur:
733 1514 977 1558 Magistratus
1003 1512 1133 1547 nescio
1159 1514 1242 1557 quis
1260 1512 1497 1557 rogationem
1516 1512 1561 1546 de
1579 1512 1630 1547 Ti.
1673 1512 1818 1547 Claudii

229 1573 315 1608 Rufi
340 1572 548 1606 honoribus
576 1582 643 1606 suo
669 1570 823 1606 nomine
849 1570 1104 1614 conscriptam
1131 1570 1180 1604 ad
1205 1570 1388 1614 populum
1415 1570 1588 1604 Eleorum
1616 1569 1713 1613 tulit3
1740 1580 1816 1614 qua

231 1629 419 1674 suffragiis
455 1628 592 1663 civium
628 1628 876 1673 comprobata
901 1627 1027 1663 scriba
1053 1627 1225 1672 publicus
1251 1627 1345 1662 nihil
1371 1627 1461 1661 fecit
1486 1627 1559 1662 nisi
1583 1629 1625 1661 ut
1649 1627 1815 1671 prolixae

230 1687 330 1722 illius
365 1686 591 1731 expositioni
624 1696 722 1730 quae
754 1687 835 1720 tota
872 1685 919 1720 ab
953 1685 1149 1720 enuntiato
1185 1685 1429 1730 ἐμφανίσαντός
1464 1697 1523 1729 μοι
1548 1687 1593 1726 (v.
1611 1685 1666 1727 13)
1690 1705 1736 1709 —
1760 1686 1818 1719 καὶ

233 1747 288 1780 διὰ
312 1750 416 1780 ταῦτα
441 1745 595 1790 λέγοντος
623 1747 667 1785 (v.
685 1743 741 1778 41.
759 1744 814 1785 42)
840 1742 1043 1788 pendebat,
1068 1753 1136 1787 pro
1162 1742 1363 1787 rogatione
1390 1742 1584 1777 decretum
1610 1742 1720 1782 ἔδοξεν
1746 1746 1819 1780 τοῖς

231 1816 267 1837 τε
294 1803 452 1849 ἄρχουσιν
486 1802 559 1836 κτλ.
586 1801 838 1844 subnecteret,
870 1811 946 1835 non
984 1800 1254 1835 animadverso
1289 1802 1503 1835 structurae
1537 1801 1576 1833 et
1606 1799 1820 1834 sententiae

233 1860 352 1895 hiatu.
395 1859 569 1894 Ceterum
596 1869 661 1893 cur
685 1859 730 1893 M.
749 1858 955 1893 Vetulenus
974 1858 1116 1893 Laetus
1142 1858 1236 1892 civis
1261 1858 1373 1892 Eleus
1397 1856 1657 1892 nobilissimus
1682 1859 1770 1898 (not.
1788 1857 1819 1899 6)

233 1928 311 1953 non
340 1918 421 1962 ipse
457 1917 506 1951 ad
538 1916 720 1961 populum
752 1915 889 1957 tulerit,
922 1916 989 1950 sed
1022 1915 1136 1950 alium
1164 1915 1294 1950 nescio
1322 1926 1434 1959 quem
1461 1914 1506 1949 de
1532 1914 1618 1949 Rufi
1643 1914 1820 1948 laudibus

233 1975 434 2011 certiorem
466 1975 609 2018 fecerit,
641 1974 784 2009 nullam
809 1973 920 2009 video
947 1984 1105 2008 causam
1132 1973 1204 2007 nisi
1229 1973 1328 2017 quod
1353 1976 1431 2007 tum
1458 1972 1565 2007 Elide
1592 1971 1678 2006 unis
1702 1972 1821 2016 magi-

233 2033 418 2068 stratibus
443 2032 643 2076 plebiscita
668 2042 804 2076 rogare
827 2031 978 2075 licebat,
998 2031 1206 2067 Vetulenus
1231 2041 1322 2065 vero
1349 2041 1416 2074 per
1437 2030 1541 2064 illum
1563 2040 1705 2064 annum
1725 2029 1821 2064 forte

233 2091 403 2136 privatus
427 2092 518 2125 erat.
616 2092 640 2124 6
658 2090 779 2124 Homo
804 2088 1065 2124 nobilissimae
1090 2099 1156 2133 per
1180 2087 1415 2132 principatus
1435 2088 1508 2122 duo
1527 2088 1649 2131 prima
1667 2087 1823 2122 saecula

232 2149 332 2184 inter
350 2148 460 2182 Eleos
486 2147 665 2190 familiae,
692 2148 798 2181 cuius
823 2149 969 2192 patrem
996 2147 1034 2181 L.
1049 2146 1275 2182 Vetulenum
1296 2145 1466 2188 Laetum,
1486 2155 1601 2180 avum
1619 2147 1821 2189 paternum

233 2206 273 2241 L.
291 2205 517 2240 Vetulenum
549 2205 702 2239 Florum
735 2205 901 2249 itemque
933 2206 1108 2248 posteros
1134 2214 1200 2248 per
1226 2202 1371 2248 aliquot
1397 2204 1544 2237 aetates
1570 2202 1727 2237 summis
1753 2201 1823 2236 rei-

234 2263 410 2308 publicae
435 2262 642 2297 honoribus
669 2262 985 2307 nobilissimisque
1012 2261 1235 2297 sacerdotiis
1257 2261 1407 2296 functos
1425 2271 1508 2296 esse
1526 2259 1623 2294 tituli
1642 2259 1825 2304 Olympici

234 2322 414 2366 produnt;
449 2319 494 2355 cf.
523 2322 688 2354 stemma
713 2320 947 2364 propositum
979 2319 1002 2354 I.
1020 2319 1085 2362 01.,
1099 2330 1132 2363 p.
1151 2319 1230 2353 525.
1377 2320 1399 2353 7
1426 2317 1662 2352 Adiectivum
1690 2319 1824 2352 contra

234 2379 336 2423 leges
362 2378 548 2414 sermonis
575 2387 659 2412 cum
687 2377 862 2422 genetivo
889 2377 1133 2411 coniunctum
1160 2376 1248 2420 quia
1276 2376 1355 2411 fere
1373 2376 1412 2410 in
1431 2375 1511 2410 eius
1530 2375 1629 2420 quod
1649 2377 1706 2409 est
1731 2375 1824 2415 ἄξιος

236 2435 429 2471 notionem
456 2435 612 2470 abierat.
756 2437 781 2468 8
807 2434 860 2469 Cf.
885 2435 997 2470 Paus.
1017 2434 1062 2470 VI
1079 2434 1134 2478 23,
1153 2435 1190 2469 1:
1224 2435 1258 2468 ἐν
1294 2435 1330 2468 δὲ
1348 2428 1466 2468 Ἤλιδι
1502 2434 1543 2467 τὰ
1574 2433 1650 2472 ἄξια
1684 2434 1824 2478 μνήμης

236 2494 415 2541 γυμνάσιόν
443 2493 531 2527 ἐστιν
555 2494 709 2541 ἀρχαῖον,
736 2493 793 2527 καὶ
817 2493 876 2526 ὅσα
895 2493 928 2530 ἐς
945 2492 1024 2530 τοὺς
1041 2490 1193 2537 ἀθλητὰς
1212 2492 1286 2538 πρὶν
1304 2491 1326 2536 ἢ
1347 2492 1381 2529 ἐς
1395 2488 1590 2535 Ὀλυμπίαν
1609 2490 1824 2536 ἀφικνεῖσθαι

235 2551 427 2596 νομίζουσιν
446 2551 480 2585 ἐν
498 2551 609 2597 τούτῳ
629 2551 718 2597 σφίσι
735 2553 786 2594 τῷ
800 2550 972 2596 γυμνασίῳ
993 2549 1073 2594 δρᾶν
1091 2549 1294 2595 καθέστηκε.
1329 2551 1348 2591 ξ
1366 2548 1387 2582 2
1406 2549 1512 2595 χωρὶς
1531 2549 1591 2593 μὲν
1611 2549 1651 2593 δὴ
1673 2547 1706 2586 ἐς
1725 2547 1825 2593 ἅμιλ-

238 2608 298 2642 λαν
323 2614 389 2642 τῶν
417 2610 550 2654 δρόμων
569 2609 734 2656 (δρομέων
754 2607 903 2649 Sehub.)
928 2607 1014 2640 ἐστὶν
1033 2607 1298 2651 ἀποκεκριμένος
1325 2607 1462 2651 δρόμος,
1486 2606 1686 2650 ὀνομάζεται
1705 2605 1741 2639 δὲ
1760 2605 1823 2638 ὑπὸ

237 2671 304 2699 τῶν
331 2665 523 2712 ἐπιχωρίων
551 2666 652 2712 ἱερός·
684 2666 790 2713 χωρίς
818 2665 853 2698 δὲ
881 2664 962 2699 ἔνθα
990 2664 1046 2697 ἐπὶ
1073 2663 1197 2710 μελέτῃ
1225 2665 1363 2710 δρομεῖς
1389 2665 1446 2697 καὶ
1472 2662 1655 2697 πένταθλοι
1680 2662 1825 2696 θέουσιν.

239 2723 310 2757 ἔστι
336 2723 373 2756 δὲ
399 2723 432 2757 ἐν
449 2725 497 2770 τῷ
511 2724 685 2770 γυμνασίῳ
703 2722 914 2768 καλούμενον
935 2721 1119 2766 Πλέθριον·
1146 2721 1180 2755 ἐν
1200 2721 1236 2755 δὲ
1255 2721 1346 2767 αὐτῷ
1364 2721 1614 2766 συμβάλλουσιν
1634 2720 1664 2753 οἱ
1684 2719 1823 2753 ἑλλανο-

242 2780 333 2813 δίκαι
364 2780 443 2818 τοὺς
474 2781 551 2815 καθ’
577 2780 712 2826 ἡλικίαν
746 2780 767 2825 ἢ
795 2780 854 2813 καὶ
879 2779 971 2825 αὐτῷ
996 2778 1217 2824 διαφέροντας
1242 2780 1289 2824 τῷ
1310 2778 1567 2824 ἐπιτηδεύματι·
1595 2776 1823 2822 συμβάλλουσι

239 2838 276 2871 δὲ
302 2838 355 2871 ἐπὶ
381 2837 483 2885 πάλη.
526 2837 636 2881 24,1;
662 2839 719 2872 καὶ
745 2838 851 2885 ταύτῃ
878 2837 955 2874 τοὺς
988 2835 1205 2873 ἑλλανοδίκας
1232 2836 1315 2870 ἰέναι
1339 2835 1550 2880 καθέστηκεν
1578 2835 1611 2871 ἐς
1636 2835 1671 2867 τὸ
1698 2834 1824 2879 γυμνά-

239 2907 320 2928 σιον.
356 2894 464 2928 ἐσίασι
497 2896 533 2928 δὲ
563 2896 637 2941 πρὶν
665 2896 725 2940 μὲν
750 2895 847 2941 ἥλιον
873 2894 1020 2941 ἀνίσχειν
1048 2893 1298 2939 συμβαλοῦντες
1328 2894 1483 2939 δρομέας,
1511 2891 1676 2937 μεσούσης
1703 2891 1737 2923 δὲ
1762 2895 1825 2935 τῆς

238 2952 370 2998 ἡμέρας
397 2952 450 2986 ἐπὶ
473 2953 510 2986 τὸ
536 2952 725 2987 πένταθλον
750 2953 808 2986 καὶ
833 2952 893 2986 ὅσα
920 2951 1024 2997 βαρέα
1041 2949 1131 2984 ἆθλα
1150 2951 1385 2994 ὀνομάζουσιν.
1482 2952 1507 2983 9
1534 2947 1821 2982 substantivum

240 3008 484 3054 neglegentia
513 3009 706 3044 omissum.

1479 3062 1543 3095 15*

1734 3117 1817 3159 227
