2198 3522
294 270 394 316 1125.
1026 265 1145 302 Aeon.
1800 267 1831 302 11
1847 268 1880 302 6.

295 409 462 457 Κόϊντος
496 408 706 464 Πομπήϊος
738 407 876 449 Αὔλου
916 407 1059 462 υ[ἱὸς]1
1081 406 1236 464 [ἐποίει
1272 405 1338 449 καὶ
1371 407 1545 463 ἀνέθηκε
1565 406 1568 463 i
1590 407 1657 449 σὺν
1692 408 1880 463 ἀδελφοῖς

249 487 271 521 5
295 479 434 522 Αὔλωι
468 477 537 520 καὶ
568 477 715 524 Σέξτωι
733 477 738 534 i
758 476 935 519 Αἰῶνα2
953 475 960 534 Ι
979 478 1034 524 εἰς
1071 475 1218 533 κράτος
1241 474 1441 532 ῬώμηςΒ
1471 475 1540 518 καὶ
1572 477 1764 533 διαμονὴν
1784 476 1789 534 l
1810 492 1882 532 μυ-

298 549 467 605 στηρίων
477 549 513 589 4.
535 547 540 602 1

297 618 406 660 Αἰὼν
437 619 457 658 ὁ
490 616 607 663 αὐτὸς
638 616 679 657 ἐν
701 617 782 663 τοῖς
816 617 949 662 αὐτοῖς
982 614 1061 657 αἰεὶ
1080 614 1084 672 Ι
1105 616 1224 672 φύσει
1254 615 1366 657 θείαν.
1398 614 1524 670 μένων
1547 616 1693 670 κόσμος
1726 630 1767 655 τε
1798 613 1878 670 sig}

225 694 270 729 10
294 683 398 729 κατὰ
429 683 479 728 τὰ
511 684 625 739 αὐτά,
661 686 795 732 ὁποῖος
826 685 910 726 ἔστι
937 684 1005 726 καὶ
1026 685 1074 740 ἧν
1093 683 1100 741 Ι
1117 684 1185 726 καὶ
1206 684 1333 739 ἔσται,
1367 684 1496 740 ἀρχὴν
1522 685 1721 739 μεσότητα
1742 682 1878 738 τέλοςὶ

929 772 982 806 ος,
998 753 1002 810 Ι
1019 754 1130 800 θείας
1153 754 1310 810 φύσεως
1334 752 1503 809 ἐργάτης
1521 752 1685 794 αἰωνίου
1702 750 1832 794 πάντα
1843 753 1878 792 5.

915 804 926 811 »-

294 757 365 798 οὐκ
385 754 504 812 ἔχων,
523 756 749 811 μεταβολῆς
773 754 923 810 ἀμέτογ

382 880 548 916 Litterae
574 884 778 916 ΕΘΞΠΟω.
916 882 932 914 1
962 880 1166 915 Nominum
1192 879 1288 915 ratio
1314 879 1451 915 suadet
1476 890 1524 914 ne
1550 878 1663 914 nimis
1688 880 1881 913 recentem

291 939 442 974 titulum
468 937 746 981 existimemus;
771 938 810 972 in
835 937 996 973 eandem
1014 940 1164 982 partem
1181 937 1286 973 valet
1302 937 1381 972 iota
1398 940 1542 972 mutum
1561 946 1750 981 nusquam
1769 936 1881 971 omis-

291 1007 384 1033 sum.
427 997 550 1041 Quare
568 996 729 1041 Augusti
747 998 873 1031 aetate
890 996 1018 1041 utique
1035 1007 1113 1032 non
1129 995 1382 1031 recentiorem
1400 995 1575 1030 existimo
1594 994 1754 1029 titulum.
1780 993 1880 1028 Dttb.

290 1055 344 1090 De
369 1054 411 1090 A.
431 1056 467 1089 et
486 1056 527 1099 Q.
545 1054 733 1099 Pompeiis
759 1065 781 1088 a
807 1054 941 1100 quibus
968 1054 1007 1089 hi
1031 1065 1171 1089 nomen
1191 1054 1342 1089 duxisse
1360 1053 1536 1089 videntur
1554 1051 1600 1088 cf.
1620 1052 1786 1088 Groeber
1801 1051 1880 1086 321.

290 1112 342 1148 Cf.
362 1112 478 1148 etiam
496 1114 572 1147 not.
590 1112 623 1147 3.
718 1114 743 1147 2
770 1112 966 1147 Wernicke
985 1111 1166 1147 Realenc.
1181 1111 1195 1146 1
1212 1111 1319 1155 1042;
1339 1111 1513 1146 Roscher
1530 1111 1618 1146 Lex.
1637 1108 1878 1154 Myth.1195;

289 1169 524 1205 Baumeister
550 1169 739 1205 Denkm.I
763 1170 817 1204 32.
871 1169 1039 1205 Eximias
1066 1180 1150 1206 esse
1175 1169 1286 1204 huius
1311 1169 1476 1204 numinis
1500 1170 1629 1213 partes
1656 1167 1756 1212 apud
1779 1166 1881 1201 Non-

289 1238 388 1276 num*
404 1227 569 1273 itemque
597 1227 698 1271 apud
716 1227 933 1262 Platonicos
959 1227 1011 1262 illi
1037 1229 1165 1262 aetate
1191 1237 1375 1272 suppares
1401 1228 1571 1270 constat;
1601 1227 1639 1260 at
1663 1225 1724 1260 hic
1750 1224 1879 1259 titulus

18 1251 35 1382 ἱ
289 1287 377 1328 (not.
396 1285 428 1320 1.
454 1285 485 1327 3)
518 1285 635 1320 multo
670 1284 857 1330 antiquior
889 1287 946 1320 est
977 1295 1090 1329 quam
1120 1287 1162 1319 ut
1192 1284 1339 1319 illorum
1372 1283 1570 1329 opiniones
1604 1283 1666 1318 hic
1698 1292 1880 1327 quaerere

28 1378 35 1394 Α
287 1343 411 1379 liceat.
462 1343 569 1388 Quod
607 1345 742 1378 contra
778 1342 818 1377 in
855 1342 994 1378 fabulis
1028 1342 1199 1387 Orphicis
1237 1341 1402 1387 antiquis
1437 1344 1480 1376 ut
1511 1342 1633 1387 Χρόνῳ
1670 1340 1879 1375 maximum

26 1397 38 1453 ᾖ
288 1403 524 1436 momentum
549 1400 786 1444 tribueretur,
813 1400 867 1435 sic
894 1400 1025 1439 Αἰῶνος
1051 1410 1192 1435 nomen
1218 1410 1410 1444 nusquam
1437 1409 1636 1435 occurrere
1664 1397 1880 1433 observavit

31 1450 35 1465 ³
288 1457 411 1493 Wern.
447 1458 547 1493 Dttb.
586 1458 737 1501 [Chroni
764 1458 863 1493 enim
890 1457 955 1493 filii
981 1460 1070 1493 sunt
1088 1457 1228 1492 Aether
1254 1459 1292 1492 et
1309 1457 1436 1492 Amor.
1476 1456 1575 1492 Kern
1600 1455 1654 1490 De
1674 1454 1878 1500 Orphei...

287 1515 466 1561 theogon.
487 1515 531 1559 8].
582 1515 690 1560 Quod
723 1515 772 1550 ad
806 1515 964 1551 Mithrae
997 1515 1180 1561 mysteria
1212 1514 1320 1550 huius
1351 1514 1412 1549 dei
1443 1524 1557 1549 sacra
1586 1513 1810 1558 referuntur,
1840 1513 1879 1548 id

288 1573 392 1608 nullo
426 1574 599 1608 firmatur
629 1573 859 1617 testimonio,
896 1573 964 1608 sed
994 1583 1072 1608 una
1104 1572 1233 1607 nititur
1257 1572 1546 1607 simulacrorum
1574 1571 1813 1616 quorundam
1838 1572 1877 1606 in

288 1631 484 1666 Mithraeis
501 1631 742 1666 inventorum
759 1631 1084 1675 interpretatione,
1104 1640 1203 1675 quae
1216 1630 1409 1665 hominem
1425 1630 1580 1674 alatum,
1599 1629 1698 1665 facie
1711 1629 1878 1672 leonina,

288 1689 336 1724 ab
362 1688 540 1724 inferiore
565 1691 672 1733 parte
698 1689 937 1734 serpentibus
962 1689 1176 1723 involutum
1202 1687 1374 1723 referunt
1398 1687 1455 1731 (cf.
1480 1687 1685 1732 imaginem
1705 1697 1763 1731 ap.
1781 1687 1880 1722 Bau-

287 1745 531 1789 meisterum).
579 1746 628 1781 At
665 1746 883 1791 opinionem
918 1758 941 1782 a
974 1747 1102 1791 Zoe'ga
1132 1746 1380 1791 propositam,
1417 1745 1518 1780 hanc
1551 1745 1711 1789 figuram
1745 1744 1878 1779 Aeona

288 1805 594 1848 repraesentare,
632 1803 771 1839 idoneo
810 1804 1062 1839 fundamento
1100 1813 1230 1838 carere
1268 1805 1370 1839 recte
1401 1802 1547 1837 monuit
1578 1802 1704 1837 Wern.
1754 1802 1877 1847 Quare

289 1861 389 1906 quod
416 1860 521 1896 haud
545 1862 676 1906 procul
703 1861 751 1897 ab
776 1861 850 1897 hac
875 1862 959 1896 basi
983 1864 1176 1906 repertum
1203 1864 1259 1896 est
1285 1863 1399 1905 caput
1425 1860 1622 1905 serpentis,
1654 1860 1693 1895 id
1718 1869 1808 1894 num
1832 1869 1878 1894 ex

24 1887 31 1970 1
287 1920 536 1954 monumento
563 1928 586 1953 a
614 1919 711 1964 Q.A.
726 1919 761 1955 S.
780 1919 957 1965 Pompeis
984 1919 1159 1954 dedicato
1185 1919 1358 1963 supersit,
1384 1920 1424 1953 ut
1449 1917 1569 1952 Philio
1595 1917 1720 1952 visum
1744 1918 1812 1961 est,
1838 1916 1877 1951 in

24 1971 35 2079 t
286 1975 412 2011 medio
449 1977 742 2022 relinquendum
776 1977 856 2012 erit.
905 1977 1021 2020 Dttb.;
1060 1977 1128 2013 sed
1165 1977 1211 2012 cf.
1249 1975 1592 2012 Cumont-Gehrich
1625 1975 1776 2020 Myster.
1810 1974 1878 2009 des

287 2033 425 2069 Mithra
449 2033 505 2069 82.
555 2034 730 2070 Ceterum
755 2034 941 2080 Euripidis
975 2035 1040 2070 illa
1074 2034 1269 2078 (Heraclid.
1294 2034 1373 2077 898)
1407 2034 1518 2068 πολλὰ
1548 2034 1609 2081 γὰρ
1635 2034 1737 2068 τίκτει
1762 2031 1877 2079 Μοῖρα

26 2081 34 2145 ξ
286 2089 543 2140 τελεσσιῧώτειζ]
566 2092 658 2128 Αἰών
685 2106 721 2127 τε
739 2093 872 2140 Χρόνου
899 2098 980 2131 παῖς
1006 2093 1147 2128 collato
1166 2091 1441 2128 Wilamowitzii
1462 2090 1737 2127 commentario
1757 2089 1876 2134 (Anal.

286 2148 409 2195 Eurip.
427 2150 508 2193 231)
534 2150 646 2185 deum
672 2150 831 2185 iamtum
855 2151 970 2186 fuisse
990 2150 1182 2186 Chronum
1210 2154 1291 2193 (nec
1309 2161 1385 2185 non
1405 2150 1586 2192 Aeonem)
1610 2147 1784 2194 probant.
1822 2147 1876 2182 De

287 2207 428 2243 Aeonis
453 2207 621 2252 imagine
645 2208 683 2243 in
708 2208 944 2253 phylacterio
972 2219 1152 2253 expressa
1173 2208 1389 2254 Aeonisque
1416 2208 1473 2243 die
1500 2207 1597 2242 festo
1617 2205 1875 2241 Alexandrino

288 2265 334 2300 cf.
352 2265 565 2301 Weinreich
591 2266 649 2310 l.1.‚
676 2265 811 2301 Weber
835 2266 944 2302 Arch.
963 2267 1045 2302 Rel.
1063 2266 1172 2302 Wiss.
1191 2266 1273 2301 XIX
1291 2266 1358 2301 331
1374 2266 1414 2301 A.
1434 2266 1465 2301 1.
1589 2267 1614 2299 3
1639 2263 1748 2309 Quod
1765 2262 1876 2299 Urbis

289 2325 469 2358 aeternae
500 2334 641 2358 nomen
675 2324 822 2359 nudum
853 2325 1006 2369 ponitur
1036 2325 1144 2360 nulla
1177 2324 1357 2360 adiuncta
1381 2324 1637 2368 Augustorum
1668 2320 1875 2364 mentione,

287 2380 325 2415 id
349 2381 384 2416 ei
409 2391 523 2426 quarn
550 2383 627 2416 not.
647 2382 667 2416 1
692 2382 833 2426 protuli
859 2383 996 2417 aetatis
1022 2382 1233 2417 definitioni
1249 2381 1380 2417 favere
1398 2381 1557 2416 videtur.
1589 2380 1690 2415 Dttb.
1785 2381 1811 2413 4
1836 2377 1875 2412 Si

288 2438 334 2473 de
358 2438 517 2474 Mithrae
542 2438 781 2483 potissimum
813 2439 1002 2484 mysteriis
1026 2440 1100 2475 hoc
1127 2439 1305 2484 accipias,
1338 2442 1439 2474 certe
1464 2440 1680 2483 temporum
1706 2436 1875 2472 rationes

289 2506 366 2530 non
395 2496 699 2542 refragabuntur.
747 2497 844 2532 Nam
877 2507 924 2532 ea
954 2497 1054 2532 bello
1088 2497 1323 2542 praedonum
1355 2497 1410 2540 (67
1439 2507 1470 2531 a.
1491 2496 1583 2539 Chr.)
1614 2495 1776 2540 primum
1809 2504 1876 2539 per

288 2563 470 2599 magnam
506 2554 608 2590 orbis
639 2554 805 2590 Romani
841 2556 989 2599 partem
1026 2557 1240 2600 propagata
1272 2565 1356 2590 esse
1391 2554 1570 2590 discimus
1604 2564 1650 2588 ex
1682 2551 1876 2588 Plutarchi

288 2611 416 2656 Pomp.
442 2613 499 2647 24.
546 2612 594 2648 At
623 2612 878 2653 incertissima
912 2615 968 2648 est
1000 2612 1128 2657 opinio
1164 2613 1209 2647 de
1243 2612 1383 2647 Aeonis
1418 2623 1503 2648 cum
1534 2612 1671 2647 Mithra
1704 2609 1874 2645 necessi-

289 2668 418 2704 tudine
443 2672 532 2714 (not.
551 2671 594 2713 2).
636 2672 741 2716 Quae
766 2671 934 2715 sequitur
958 2671 1040 2705 laus
1067 2669 1126 2705 dei
1152 2673 1195 2713 (v.
1214 2670 1337 2713 7-12)
1365 2670 1445 2705 eius
1470 2672 1572 2705 totus
1599 2669 1703 2703 color
1726 2667 1873 2702 nullum

289 2736 408 2770 genus
420 2727 635 2763 fabularum
648 2728 933 2764 reconditarum
949 2730 1014 2763 aut
1028 2738 1222 2762 sacrorum
1237 2738 1465 2763 arcanorum
1479 2727 1604 2770 refert,
1614 2726 1679 2761 sed
1694 2724 1873 2769 temporis

288 2783 426 2818 infiniti
450 2786 645 2821 notionem
671 2796 846 2822 sermone
872 2785 1035 2830 simplici
1053 2788 1091 2832 et
1107 2785 1305 2830 perspicuo
1323 2786 1496 2821 illustrat.
1528 2784 1628 2820 Dttb.
1670 2781 1872 2818 Doctrinas

288 2841 535 2886 philosophas
561 2843 649 2878 inde
676 2855 699 2879 a
724 2844 898 2879 Platonis
916 2843 1070 2878 Timaeo
1093 2843 1137 2877 37
1148 2843 1307 2878 D—38E
1333 2844 1379 2878 de
1407 2843 1632 2878 aeternitate
1658 2850 1772 2885 saepe
1798 2842 1873 2874 tra-

289 2898 388 2934 ditas
406 2909 529 2935 sermo
548 2900 646 2936 tituli
660 2902 830 2937 redolere
844 2901 1002 2945 videtur,
1015 2900 1338 2937 cf.Weinreichl.l.
1411 2903 1435 2935 5
1456 2901 1578 2936 Durus
1595 2898 1655 2933 hic
1675 2896 1872 2933 adverbia-

287 2957 334 2991 lis
360 2957 569 2993 accusativi
588 2969 689 3003 usus,
715 2962 756 2995 ut
772 2960 858 2995 κατά
875 2958 1063 3004 lapicidae
1081 2969 1206 2994 errore
1225 2958 1409 2994 excidisse
1426 2957 1530 2993 haud
1546 2955 1795 3000 improbabile
1813 2955 1871 2990 sit.

358 3044 643 3079 Dittenberger,
664 3047 782 3082 Sylloge
802 3048 852 3074 111.
1551 3039 1595 3074 19

1786 3096 1869 3138 289
