2198 3522
150 273 230 308 972.
738 272 895 307 Eleusis.
944 272 1133 306 Lebadea.
1667 277 1681 310 Ι
1697 276 1733 311 9,

148 415 192 457 τὸ
216 411 514 470 ὑπερεύρεμαῧ,
547 408 615 450 καὶ
636 409 708 451 ἐάν
731 426 768 451 τι
799 409 899 474 ἄλλο
919 410 924 467 Ι
942 410 1146 466 [ἀργύριον
1179 412 1223 452 ἐκ
1254 411 1349 465 τῶν]
1379 413 1583 466 ἐπιτιμίων
1611 431 1733 470 προσ-

147 484 312 539 γένηται
349 482 484 531 αὐτῶι,
526 477 695 534 ἅπανΙτα
735 476 979 534 πράξ[ουσιν]
1017 480 1054 520 οἱ
1093 479 1308 520 ναοποιοὶ4
1346 479 1410 521 τὸν
1449 481 1624 536 ἐργώνην
1663 483 1731 524 καὶ

103 557 127 590 5
151 551 240 598 τοὺς
271 545 569 605 ἐγγύους·1ὲὰν
602 547 645 588 δὲ
678 547 730 603 μὴ
764 548 971 603 δύνωνται7
1011 549 1067 595 εἰς
1103 548 1146 589 τὸ
1179 548 1370 603 λεύκωμα
1409 548 1729 605 ἐκγράψουοιν5·

150 618 400 676 ἐγΙὸίδομενθ
433 617 475 657 δὲ
505 616 548 658 τὸ
580 616 695 672 ἔργον
727 618 819 658 ὅλον
849 617 948 673 πρὸς
979 619 1130 673 χαλκόν
1144 617 1180 669 7,
1224 616 1293 663 τὰς
1338 617 1407 672 μὲν
1441 617 1634 674 στὴῙλαςὸ
1664 620 1732 661 καὶ

146 687 237 734 τοὺς
268 684 492 742 θριγκοὺς9
523 685 621 740 πρὸς
653 685 766 726 λίθον
800 684 862 741 ἐφ’
893 686 1076 740 ὡμαλίαν
1091 687 1140 719 10
1172 688 1246 736 &set
1278 685 1324 726 ἂν
1355 685 1607 742 εὕῘρωσινῙῙ,
1641 688 1732 735 τοὺς

148 753 182 796 δ’
212 755 468 810 ὑποβατῆρας
500 756 540 796 ἐν
571 755 798 810 προσέργωι
811 755 859 787 12
890 756 1064 810 ποιήσει,
1103 758 1180 796 τῶν
1200 753 1204 811 Ι
1226 754 1268 796 δὲ
1300 756 1443 810 πώρων
1458 756 1506 788 13
1540 756 1734 812 ὑποτίμη-

79 830 125 864 10
149 840 203 879 μα
217 824 265 857 14
295 824 467 878 λήψεται
497 826 565 864 τοῦ
597 823 713 864 λίθου
735 823 904 865 ἑκάστου
928 821 1125 880 δραΙχμὰς
1146 825 1261 865 πέντε
1293 826 1410 871 ὅσους
1441 823 1488 865 ἂν
1521 826 1731 882 παρίσχηι,

144 950 245 987 τόκος
270 948 525 993 similiumque
543 958 644 983 usus,
687 948 790 983 Sane
815 951 1016 993 praeterea
1040 951 1077 984 τὸ
1098 950 1306 994 ἐπίπεμπτον
1334 949 1448 984 etiam
1472 949 1594 994 ipsum
1619 954 1734 995 caput

146 1006 277 1042 addita
303 1006 438 1052 quinta
462 1008 571 1050 parte
597 1006 795 1051 significat.
908 1009 933 1041 3
960 1007 1017 1042 I.e.
1046 1008 1114 1053 ὅσῳ
1143 1007 1181 1041 ἂν
1208 1008 1311 1041 πλέον
1337 1007 1474 1055 εὑρίσκῃ
1500 1007 1557 1050 (cf.
1574 1018 1609 1043 v.
1628 1009 1660 1042 7.
1678 1009 1733 1051 76)

143 1066 182 1099 τὸ
215 1065 311 1111 ἔργον
346 1064 446 1098 πάλιν
481 1064 714 1109 πωλούμενον.
841 1066 868 1098 4
892 1064 1122 1099 Boeotorum
1148 1063 1322 1108 foederis,
1348 1075 1426 1099 non
1452 1064 1733 1100 Lebadensium

146 1121 270 1157 Swob.
310 1121 362 1156 Cf.
389 1121 498 1155 n.67.
547 1121 791 1166 Magistratus
824 1121 1037 1156 ordinarius
1069 1121 1188 1156 fuisse
1225 1121 1390 1164 videtur;
1426 1124 1528 1156 certe
1566 1122 1733 1157 eiusdem

144 1179 310 1214 nominis
347 1178 493 1213 formae
529 1189 595 1223 pro
636 1179 788 1214 dialecti
826 1180 974 1214 ratione
1010 1180 1220 1223 paullulum
1255 1179 1517 1223 discrepantes
1553 1181 1734 1224 (νεωποιοὶ,

143 1241 319 1279 νεωποῖαι,
344 1239 495 1279 ναποῖοιι)
528 1237 626 1271 tales
660 1237 906 1281 magistratus
939 1237 1157 1281 significant
1190 1237 1228 1271 in
1261 1237 1378 1271 titulis
1410 1236 1569 1272 aliarum
1602 1236 1733 1272 civita-

145 1293 237 1329 tium
264 1294 505 1329 Graecarum.
550 1294 692 1329 Contra
721 1295 759 1328 in
786 1294 894 1329 titulo
921 1294 1121 1339 Tegeatico
1148 1295 1211 1338 qui
1244 1305 1361 1338 opera
1386 1295 1518 1329 locant
1542 1295 1733 1342 ἐςῦοτῆρες,

144 1353 343 1386 curatores
376 1351 671 1386 extraordinarii
703 1352 825 1387 fuisse
853 1352 1038 1395 videntur,
1071 1355 1112 1386 ut
1137 1352 1296 1387 Athenis
1330 1354 1503 1387 ἐπιστάται
1530 1359 1596 1386 τῶν
1626 1353 1733 1400 δημο-

145 1410 225 1443 σίων
258 1411 376 1455 ἔργων.
532 1413 556 1444 5
590 1410 650 1444 Le.
683 1410 722 1444 in
754 1410 980 1444 laterculum
1016 1409 1227 1445 debitorum
1259 1410 1396 1444 aerarii
1426 1410 1621 1445 referetur.
1677 1410 1731 1446 Cf.

144 1459 229 1511 LYS.
248 1466 297 1501 IX
313 1467 335 1501 6
361 1467 578 1511 ἐπιβαλόντες
604 1469 641 1502 δὲ
666 1470 703 1502 τὸ
728 1467 886 1515 ἀργύριον
913 1468 1101 1514 πράξαῦθαι
1134 1469 1194 1513 μὲν
1227 1468 1289 1502 οὐκ
1313 1469 1548 1515 ἐπεχείρησαν,
1581 1468 1732 1513 ἐξιούσης

145 1525 182 1558 δὲ
206 1529 269 1570 τῆς
293 1525 402 1570 ἀρχῆς
427 1526 616 1571 γράψαντες
642 1526 690 1563 εἰς
708 1525 869 1571 λεύκωμα
888 1528 956 1563 τοῖς
981 1525 1117 1570 ταμίαις
1135 1526 1335 1570 παρέδοσαν.
1377 1524 1614 1569 praepositio
1639 1535 1732 1560 sane

144 1581 272 1616 minus
305 1583 396 1626 apta
429 1581 594 1625 cuipiam
625 1581 816 1625 videatur3
850 1583 918 1617 sed
945 1584 1012 1616 aut
1043 1592 1147 1616 error
1172 1593 1218 1616 ex
1243 1582 1492 1626 ambiguitate
1523 1582 1731 1626 scripturae

146 1640 320 1687 ἐγγράφειν
349 1641 462 1674 natus
488 1642 534 1681 (n.
553 1639 650 1682 7426)
679 1639 821 1683 subest,
854 1642 921 1673 aut
953 1641 1134 1685 ἐκγράφειν
1167 1640 1302 1674 eadem
1335 1639 1639 1684 breviloquentia
1664 1650 1730 1683 pro

143 1697 378 1743 γεγραμμένον
404 1697 576 1731 ἐκτιθέναι
610 1696 747 1732 dicitur
774 1700 886 1742 atque
910 1697 1002 1731 illud
1026 1697 1318 1732 usitatissimum
1344 1698 1552 1743 προγράψειν
1584 1708 1651 1741 pro
1678 1710 1731 1744 γε-

143 1754 338 1801 γραμμένον
364 1754 571 1799 προτιθέναι.
692 1757 717 1789 6
742 1754 816 1799 Ipsi
839 1756 994 1790 ναοποιοί
1020 1758 1057 1789 et
1084 1755 1310 1790 architectus
1336 1756 1398 1790 hic
1423 1756 1640 1800 loquuntur.

191 1813 214 1846 7
240 1810 434 1846 Fabricius
458 1812 554 1846 haec
580 1812 634 1847 sic
651 1812 922 1857 interpretatur
946 1815 986 1847 ut
1012 1824 1109 1857 opus
1135 1824 1181 1847 ex
1200 1824 1286 1848 aere
1314 1816 1352 1848 et
1377 1824 1424 1848 ex
1441 1813 1565 1857 lapide
1589 1812 1731 1848 facien-

144 1868 232 1903 dum
259 1870 366 1914 (ἔργον
393 1871 474 1916 πρὸς
499 1870 630 1916 χαλ-κον
654 1899 691 1904 --
719 1873 799 1915 πρὸς
830 1871 938 1913 λίθον)
974 1870 1264 1915 distinguantur.
1305 1871 1354 1905 At
1384 1871 1546 1915 primum
1579 1870 1731 1915 quidem

143 1926 332 1961 enuntiati
357 1927 611 1962 conformatio
637 1928 673 1962 id
699 1928 823 1972 potius
842 1929 987 1972 suadet,
1013 1931 1054 1962 ut
1078 1928 1297 1963 universum
1317 1939 1422 1972 opus,
1448 1928 1494 1963 de
1520 1939 1592 1973 quo
1610 1928 1731 1972 primo

144 1984 230 2019 loco
257 1984 402 2029 dicitur,
434 1985 570 2020 deinde
597 1986 711 2020 dividi
737 1988 951 2021 statuamus
976 1986 1015 2020 in
1041 1986 1138 2021 duas
1162 1989 1292 2030 partes
1327 1988 1396 2029 (τὰς
1423 1988 1496 2031 μὲν
1524 1986 1650 2031 στήλας
1674 1986 1733 2019 καὶ

144 2042 223 2080 τοὺς
247 2042 366 2080 λίθους
390 2071 430 2077 --
455 2044 533 2081 τοὺς
559 2040 586 2076 δ’
605 2043 847 2089 ὕποβατῆρας).
890 2045 1014 2088 Quare
1047 2047 1084 2078 τὸ
1113 2045 1208 2090 ἔργον
1236 2045 1314 2078 ὅλον
1344 2043 1500 2077 minime
1535 2044 1584 2079 ad
1615 2053 1732 2087 opera

145 2108 193 2133 ex
219 2110 306 2134 aere
332 2099 511 2135 facienda
536 2103 710 2144 spectare
736 2103 872 2146 potest.
920 2101 1078 2136 Accedit
1103 2102 1204 2145 quod
1227 2102 1265 2136 in
1291 2101 1365 2136 hac
1390 2101 1591 2135 verborum
1619 2100 1732 2135 collo-

145 2156 296 2191 catione
320 2168 369 2192 ne
394 2157 481 2192 licet
498 2158 649 2202 quidem
674 2162 756 2204 προς
774 2160 904 2206 χαλκὸν
931 2159 980 2193 ad
1004 2162 1041 2194 τὸ
1060 2160 1155 2205 ἔργον
1182 2159 1333 2201 referre,
1360 2159 1428 2193 sed
1446 2158 1663 2193 necessario
1684 2158 1734 2192 ad

147 2214 320 2260 ἐγόίόομεν
346 2216 586 2250 referendum
605 2218 673 2251 est.
715 2216 831 2262 Atqui
856 2218 938 2264 πρὸς
964 2218 1094 2265 χαλκὸν
1122 2217 1289 2251 ἐκδιδόναι
1314 2216 1407 2251 nihil
1427 2216 1528 2250 aliud
1546 2216 1734 2260 Significat

148 2282 262 2316 quam
289 2284 348 2316 ,ea
370 2274 581 2308 condicione
605 2275 731 2317 locare,
757 2278 796 2309 ut
815 2275 978 2319 pretium
1000 2287 1083 2310 aere
1108 2277 1195 2311 (non
1214 2284 1306 2308 auro
1326 2276 1390 2309 aut
1409 2276 1576 2318 argento)
1597 2274 1733 2318 persol-

146 2331 279 2365 vatur‘.
320 2329 604 2365 Desideraveris
637 2342 733 2366 sane
766 2342 911 2366 merum
938 2331 1155 2376 genetivum
1181 2333 1324 2380 χαλ-κοῦ.
1372 2332 1422 2366 At
1446 2331 1491 2366 cf.
1518 2331 1623 2372 49514
1637 2340 1729 2375 sqq.:

146 2393 212 2421 τῶν
231 2400 267 2421 τε
293 2387 467 2434 ἀρχόντων
488 2389 616 2423 θέντων
642 2390 684 2423 τὰ
711 2390 782 2435 ἱερὰ
799 2391 947 2436 ποτήρια
965 2390 1012 2428 εἰς
1030 2392 1090 2435 τὴν
1113 2396 1175 2435 τῆς
1200 2390 1331 2428 πόλεως
1348 2390 1464 2437 χρείαν
1490 2416 1526 2424 .-
1553 2390 1635 2435 πρὸς
1652 2401 1734 2435 χρυ-

149 2448 226 2482 σοῦς
253 2444 384 2480 ἑκατόν.
494 2448 520 2480 8
545 2446 714 2481 Tabulae
741 2446 874 2491 quibus
898 2447 993 2481 tituli
1014 2447 1280 2482 inscribuntur.
1391 2450 1416 2482 9
1443 2446 1616 2481 Coronae
1635 2456 1733 2490 quae

149 2500 288 2537 tabulis
305 2502 564 2546 imponuntur.
678 2506 728 2538 10
753 2503 951 2548 Aequabili
967 2505 1004 2539 in
1020 2505 1190 2549 singulos
1204 2504 1350 2548 lapides
1370 2506 1464 2550 (πρὸς
1476 2504 1583 2546 λίθον)
1603 2503 1732 2547 pretio.

151 2560 303 2604 ὡμαλίαν
331 2560 380 2595 ad
404 2561 570 2596 nominis
595 2558 795 2609 compositi
820 2563 997 2607 ἀνωμαλία
1022 2562 1305 2597 similitudinem
1323 2563 1476 2596 soloece
1501 2561 1630 2596 fictum
1650 2551 1749 2595 esse'

151 2617 299 2651 monuit
322 2619 360 2652 F.
479 2621 523 2653 11
552 2619 613 2654 Le.
640 2620 773 2664 quanti
798 2619 1062 2654 conducentur
1086 2620 1182 2655 haec
1209 2630 1336 2663 opera,
1363 2622 1546 2664 quantum
1573 2618 1733 2663 pretium

150 2672 250 2708 inter
265 2675 524 2720 redemptores
549 2679 588 2711 et
604 2678 855 2721 magistratus
874 2678 1086 2712 conveniet.
1201 2680 1251 2712 12
1279 2679 1386 2722 Quae
1406 2678 1575 2723 πρόσεργα
1592 2686 1735 2710 vocan-

153 2730 224 2773 tur,
249 2741 378 2766 eorum
397 2735 561 2777 pretium
580 2735 724 2769 effectis
744 2735 894 2769 demum
913 2735 1088 2779 operibus
1115 2737 1152 2769 et
1168 2735 1339 2779 probatis
1365 2746 1388 2770 a
1408 2733 1633 2779 magistratu
1650 2743 1735 2777 per-

154 2786 311 2822 solvitur
335 2790 462 2832 (v.63).
488 2791 526 2826 F.
640 2794 689 2826 13
716 2792 770 2826 Ex
795 2792 930 2837 quibus
955 2793 1256 2827 substructiones
1274 2793 1382 2827 fiunt.
1425 2792 1566 2827 Contra
1590 2789 1734 2834 lapides

155 2853 201 2876 ex
226 2844 359 2888 quibus
382 2848 538 2883 tabulae
562 2849 670 2893 ipsae
697 2851 734 2884 et
760 2860 926 2884 coronae
954 2850 1234 2894 scquebantur,
1268 2861 1290 2885 a
1315 2848 1600 2894 magistratibus
1626 2848 1735 2881 datos

153 2904 453 2939 consentaneum
473 2909 540 2950 est,
558 2917 643 2941 cum
661 2907 701 2942 in
720 2908 773 2942 eis
792 2918 909 2951 opera
925 2908 1039 2943 modo
1058 2909 1177 2955 (ἔργον)
1196 2907 1497 2952 redemptoribus
1518 2906 1669 2939 locetur.
1696 2903 1734 2938 F.

204 2959 256 2992 14
281 2958 448 2996 Pretium
473 2963 641 3008 lapidum
675 2967 711 2999 et
740 2965 952 3000 litterarum
988 2976 1010 3000 a
1036 2966 1275 3000 curatoribus
1305 2965 1343 2998 in
1377 2967 1616 2999 antecessum
1642 2972 1735 2996 con-

1680 3076 1734 3118 87
