2198 3522
457 290 536 325 952.
561 289 639 323 953.
1025 288 1281 333 Magistratus.
1327 287 1479 323 Iudicia.
1926 288 1943 323 1
1959 289 1992 324 3.
2008 290 2041 325 4.

458 428 602 463 rettulit
626 426 722 462 Dttb.
751 426 798 461 ab
825 426 959 461 eodem
991 426 1107 461 verbo
1143 426 1375 462 descendere
1407 428 1513 461 ratus
1543 427 1710 471 glossam
1734 425 1915 471 Hesychii
1942 426 2041 462 καθί-

459 486 569 526 ξεσθε·
595 484 805 530 καθάψετθε,
830 486 1016 529 κρατήσετε
1043 488 1144 525 (nam
1171 485 1224 519 sic
1249 494 1317 528 pro
1342 485 1559 530 καθάψασθε,
1583 486 1772 531 κρατήσατε
1798 483 2042 519 scribendum

457 542 597 585 videri).
623 542 779 587 Lapidis
793 542 1066 576 Halicarnassii
1080 552 1114 576 n.
1126 542 1206 584 4611
1222 544 1267 576 ὧν
1285 543 1424 576 ἱκνεῖται
1442 542 1646 577 conferunt
1658 542 1682 576 I.
1695 543 1761 576 iur.
1861 544 1886 576 5
1912 540 2041 585 Suppl.

458 600 558 635 Dttb.
597 602 642 634 ὧν
669 600 706 643 C,
736 600 799 634 Ko.
842 598 917 633 Sed
941 599 1032 632 illud
1058 598 1226 640 feriendi,
1252 598 1308 633 i.e.
1327 609 1454 642 poena
1481 598 1672 633 afficiendi
1690 599 1837 634 notioni
1861 609 1958 644 quae
1984 600 2043 633 est

458 657 497 692 in
525 658 771 697 ἐπικαθιξεῖται
797 658 885 698 (not.
904 656 935 697 3)
964 656 1291 690 accommodatius
1316 655 1474 690 videtur.

1103 834 1148 876 4.
1186 833 1390 876 Iudicia.

551 926 604 960 De
628 925 776 960 iudiciis
802 927 838 960 et
865 925 1027 960 arbitriis
1058 927 1145 970 post
1176 926 1342 969 priorum
1377 925 1522 967 (Sonnii
1546 923 1703 960 Berardi
1727 925 1897 966 aliorum)
1932 934 2045 960 curas

460 986 619 1028 egerunt
644 984 684 1017 A.
703 983 853 1017 Raeder
875 983 1107 1027 L'arbitrage
1124 983 1397 1017 international
1417 984 1509 1017 chez
1527 983 1583 1017 les
1603 983 1790 1024 Hellenes‚
1817 980 2046 1016 Christiania

459 1041 566 1084 19123
595 1041 640 1075 Μ.
656 1040 784 1075 N.Tod
801 1041 1076 1075 International
1096 1041 1319 1075 arbitration
1339 1042 1516 1084 amongst
1532 1041 1595 1074 the
1615 1040 1766 1082 Greeks,
1786 1039 1929 1074 Oxford
1942 1039 2044 1075 1913.

550 1109 690 1144 Videas
716 1120 752 1143 n.
770 1109 837 1142 364
862 1109 1111 1152 Ephesiorum
1136 1110 1258 1153 legem
1286 1109 1329 1143 de
1348 1108 1496 1143 iudiciis
1516 1110 1541 1152 (2
1552 1109 1641 1151 510).
1764 1108 1833 1143 530
1858 1108 2046 1152 Dymaeo-

459 1177 541 1201 rum
569 1166 760 1200 arbitrium
793 1166 838 1200 de
872 1176 1114 1200 nummorum
1140 1165 1306 1200 falsariis
1333 1166 1459 1208 (2513).
1578 1166 1656 1200 712.
1691 1165 1917 1201 Gnosiorum
1944 1165 2046 1210 apud

460 1223 590 1258 Latios
618 1222 864 1267 Olontiosque
892 1222 1044 1257 arbitria
1068 1228 1114 1265 (n.
1133 1224 1238 1263 2514)
1267 1226 1304 1257 et
1328 1224 1520 1267 permulta
1546 1224 1623 1259 alia
1648 1226 1863 1258 exterorum
1890 1223 2047 1258 arbitro-

458 1291 540 1315 rum
567 1283 603 1314 et
628 1279 781 1314 arbitria
807 1281 922 1324 (velut
938 1280 1256 1325 Amphictyonum
1281 1280 1347 1315 illa
1372 1292 1407 1315 n.
1426 1281 1543 1326 826s7)
1570 1283 1606 1316 et
1629 1281 1762 1316 laudes
1787 1280 2047 1315 voluminibus

460 1338 474 1372 Ι
500 1338 529 1372 II
553 1338 707 1372 inserta.

553 1407 757 1442 Omisimus
776 1407 1083 1442 Arcesinensium
1103 1407 1296 1442 decretum
1316 1408 1340 1450 (2
1352 1408 1443 1450 511),
1471 1407 1575 1441 cuius
1593 1407 1860 1451 supplementa
1881 1410 1918 1441 et
1932 1406 2047 1441 inter-

465 1466 628 1508 pretatio
654 1464 766 1499 nimis
792 1465 908 1499 dubia
934 1476 1021 1499 esse
1046 1465 1278 1508 viderentur3
1307 1465 1353 1499 cf.
1381 1465 1601 1499 Delamarre
1626 1465 1674 1499 IG
1691 1464 1756 1498 XII
1772 1465 1804 1508 7,
1822 1464 1853 1498 3.

549 1579 654 1621 953.
688 1585 950 1621 Cnidiorum
969 1586 1089 1620 inter
1108 1587 1445 1629 Calymniorum
1462 1587 1623 1620 urbem
1641 1588 1685 1620 et
1707 1585 1913 1620 homines
1932 1586 2047 1621 Coos

463 1642 722 1685 arbitrium,
757 1652 877 1678 saec.
902 1643 961 1678 ΙΙ.
1027 1643 1247 1687 Calymnae‚
1280 1654 1382 1677 nunc
1414 1643 1586 1677 Londini.
1638 1643 1743 1677 Stela
1772 1642 1961 1687 utrimque
1991 1641 2048 1675 in-

462 1699 614 1743 scripta.
656 1699 720 1734 Ed.
747 1700 907 1734 Newton
934 1700 958 1735 Ι.
982 1701 1070 1735 Brit.
1093 1701 1185 1735 Mus.
1210 1701 1251 1744 II,
1279 1701 1452 1736 CCXCIX
1479 1701 1604 1742 (Inscr.
1626 1700 1699 1744 jur.
1722 1701 1737 1735 I
1763 1700 1841 1744 158,
1861 1700 1907 1743 Χ;
1941 1698 2049 1735 SGDI

463 1757 568 1800 35913
597 1757 701 1801 Sym
713 1757 798 1800 512;
826 1757 1089 1799 Miehe11340).
1124 1758 1177 1792 Cf.
1195 1757 1354 1792 Dareste
1371 1758 1564 1793 Bullflell.
1579 1758 1610 1792 X
1624 1757 1724 1802 1886,
1734 1758 1818 1801 235;
1847 1757 1976 1792 Sonne
1993 1756 2047 1791 De

464 1814 615 1849 arbitris
625 1814 784 1858 49‚LX1;
805 1815 955 1849 Raeder
968 1815 1199 1860 L'arbitrage
1213 1816 1371 1859 LXXIX,
1385 1816 1463 1850 Tod
1477 1815 1758 1850 Intern.Arbitr.
1768 1816 1905 1850 LXXV.
1940 1815 2016 1858 [Hi]

463 1890 524 1943 [--
555 1889 661 1943 ο]ὐόὲ
698 1889 740 1930 τὸ
775 1891 1131 1945 ἐπικαλεῷμ[ενον1
1163 1926 1210 1932 --
1246 1890 1364 1948 οὐῙό]ὲ
1400 1891 1569 1932 ἔλασσον
1608 1891 1761 1932 τούτου.
1807 1887 2090 1946 ἑξορκώ[ντωΙ

556 2009 656 2043 Nota
680 2019 795 2043 voces
822 2020 936 2054 saepe
963 2014 1098 2045 contra
1124 2011 1355 2055 syllabarum
1389 2011 1491 2055 leges
1517 2011 1695 2045 divolsas.
1818 2013 1835 2044 1
1866 2010 2052 2054 Spectant

463 2067 537 2101 hae
573 2066 721 2102 litterae
758 2078 892 2102 omnes
930 2069 979 2102 ad
1015 2068 1117 2102 litem
1161 2069 1365 2103 liberorum
1399 2069 1588 2113 Diagorae
1621 2068 1686 2103 Coi
1722 2071 1766 2111 (v,
1792 2067 1848 2110 86)
1881 2068 2051 2112 impube-

463 2135 556 2167 rum,
591 2135 750 2168 quorum
785 2135 942 2159 causam
975 2127 1052 2170 agit
1083 2128 1184 2160 tutor
1217 2127 1389 2160 Philinus
1418 2126 1558 2161 Dioclis
1584 2125 1608 2160 f.
1637 2126 1735 2161 Cous
1761 2129 1804 2168 (v.
1823 2126 1891 2169 87),
1917 2128 2052 2160 contra

465 2180 656 2215 civitatem
685 2181 985 2226 Calymniorum;
1022 2194 1118 2227 quae
1144 2184 1190 2217 lis
1217 2194 1240 2218 a
1263 2183 1402 2219 Cnidiis
1429 2187 1472 2226 (v.
1492 2183 1559 2227 56),
1594 2193 1751 2227 quorum
1778 2182 1827 2216 ad
1854 2182 2050 2217 arbitrium

465 2239 611 2282 utrique
652 2242 968 2283 provocaverunt,
1008 2240 1243 2275 diiudicatur.
1304 2241 1356 2275 De
1398 2251 1518 2276 causa
1561 2251 1606 2274 ex
1645 2239 1912 2284 superstitibus
1957 2239 2054 2274 tituli

466 2296 638 2340 partibus
670 2297 766 2331 haec
798 2298 1004 2333 enucleata
1036 2302 1124 2333 sunt
1156 2310 1178 2334 a
1209 2299 1249 2333 N.
1278 2302 1315 2333 et
1340 2298 1445 2333 Dan:
1481 2299 1763 2343 Calymniorum
1795 2297 1956 2342 populus
1988 2308 2052 2341 pe-

467 2355 601 2388 cunias
626 2357 778 2388 mutuas
804 2359 1005 2399 acceperat
1038 2367 1059 2390 a
1086 2357 1343 2391 Pausimacho
1376 2358 1412 2390 et
1437 2356 1665 2401 Hippocrate
1693 2355 1778 2391 Cois
1805 2359 1850 2399 (v.
1868 2354 1935 2397 58).
1982 2355 2053 2389 Per

467 2410 559 2445 satis
583 2422 764 2455 magnum
791 2414 971 2456 temporis
1003 2414 1168 2458 spatium
1197 2414 1242 2448 de
1268 2414 1472 2448 reddendis
1503 2414 1575 2448 illis
1602 2413 1773 2457 pecuniis
1806 2412 1899 2447 nihil
1925 2414 2052 2446 actum

468 2469 535 2502 est.
576 2468 803 2512 Hippocrate
830 2470 1010 2505 defuncto
1037 2470 1074 2505 in
1103 2471 1183 2505 eius
1208 2471 1334 2506 locum
1358 2470 1543 2505 successit
1562 2470 1784 2505 Cleumedes
1811 2470 1909 2504 filius
1937 2473 1980 2509 (v,
1996 2468 2050 2504 60.

467 2525 521 2559 63.
547 2525 601 2559 64.
624 2527 677 2560 65.
703 2526 756 2560 69.
782 2526 848 2569 80),
879 2531 965 2571 post
990 2528 1100 2562 huius
1126 2528 1270 2563 obitum
1298 2529 1560 2572 Cleuphantus
1585 2538 1706 2572 nepos
1733 2531 1775 2571 (v.
1795 2527 1862 2568 80).
1903 2527 2053 2561 Interea

468 2582 743 2617 Pausimachus
770 2595 917 2629 quoque
949 2588 1118 2620 mortuus
1152 2589 1245 2629 erat,
1280 2589 1318 2621 et
1349 2586 1405 2620 ius
1433 2586 1512 2620 eius
1537 2586 1575 2620 in
1602 2586 1805 2629 Diagoram
1837 2583 2051 2628 transierat,

471 2649 581 2684 quem
607 2640 851 2675 Pausimachi
876 2642 993 2676 filium
1019 2644 1137 2678 fuisse
1163 2655 1352 2689 nusquam
1379 2643 1530 2688 quidem
1557 2642 1788 2682 enuntiatur,
1815 2641 1882 2675 sed
1908 2643 2052 2686 tempo-

467 2707 551 2731 rum
577 2697 725 2732 ratione
749 2701 926 2742 reputata
944 2711 1129 2744 perquam
1148 2701 1346 2745 probabile
1364 2703 1432 2735 est.
1473 2701 1507 2735 Is
1533 2700 1618 2734 filiis
1636 2698 1893 2744 impuberibus
1912 2699 2052 2734 relictis

471 2754 569 2789 diem
595 2765 812 2799 supremum
838 2756 937 2790 obiit.
979 2758 1057 2791 Iam
1085 2768 1169 2792 cum
1200 2769 1267 2803 pro
1296 2758 1349 2793 eis
1373 2757 1542 2792 Philinus
1569 2760 1670 2792 tutor
1696 2756 1822 2791 debita
1853 2759 2051 2801 repeteret,

473 2812 659 2856 Calymnii
683 2823 722 2846 se
750 2813 950 2858 quicquam
981 2815 1053 2849 illis
1088 2815 1200 2850 etiam
1234 2816 1370 2850 debere
1403 2816 1650 2860 negaverunt.
1693 2815 1839 2850 Etenim
1866 2815 2052 2850 talentum

467 2868 569 2903 illius
596 2868 741 2914 antiqui
766 2871 862 2904 aeris
890 2871 1004 2906 alieni
1031 2883 1053 2906 a
1078 2872 1332 2908 Pausimacho
1359 2875 1395 2907 et
1422 2872 1623 2908 Cleumede
1649 2872 1721 2907 sibi
1745 2872 1943 2907 remissum
1969 2882 2052 2907 esse

470 2929 515 2969 (v,
533 2927 589 2960 59.
607 2926 673 2970 60),
708 2927 822 2962 aliam
848 2939 1023 2964 summae
1049 2929 1199 2964 debitae
1224 2933 1369 2975 partem
1395 2930 1614 2974 pignoribus
1645 2932 1681 2964 et
1706 2929 1929 2974 hypothecis
1955 2940 2052 2974 quae

470 2984 542 3028 ipsi
567 2983 761 3020 dedissent
790 2986 949 3020 venditis
974 2986 1179 3022 creditores
1200 2998 1445 3032 recuperasse
1464 2990 1509 3031 (v.
1527 2987 1581 3022 60.
1600 2987 1674 3032 61);
1701 2989 1781 3022 tum
1806 2990 1940 3032 pactos
1967 2997 2052 3022 cum

468 3098 525 3140 32
