2198 3522
789 565 985 618 PRAE
994 565 1231 618 FATIO.

305 717 437 759 Tertii
460 716 692 759 voluminis
724 715 870 756 titulos
902 716 1144 757 reviserunt
1178 714 1438 756 addiderunt
1460 714 1800 757 illustraverunt:

423 797 702 840 Hermannus
735 795 862 850 Diels,
897 796 967 837 cui
1000 796 1146 848 operis
1176 794 1405 836 referimus
1438 807 1662 848 coronam,

422 866 670 908 Fridericus
703 864 841 906 Hiller
871 864 924 905 de
957 863 1245 916 Gaertringen
1278 863 1382 917 [Ha]

424 933 523 977 Otto
552 933 803 976 Weinreich
846 933 972 989 [We],
1016 934 1087 986 qui
1129 933 1181 974 ad
1222 945 1291 975 res
1329 945 1479 974 sacras
1517 933 1800 986 explicandas

491 1003 629 1045 multa
661 1002 857 1056 contulit,

424 1072 574 1115 Ericus
596 1071 801 1113 Ziebarth
832 1072 947 1126 {Zela}
983 1072 1057 1124 qui
1089 1071 1131 1111 in
1165 1071 1345 1124 privatis
1378 1070 1509 1113 rebus
1541 1071 1800 1113 enarrandis

492 1142 597 1183 iuris
630 1140 819 1183 consulti
854 1153 1026 1194 quoque
1058 1144 1204 1193 partes
1238 1141 1442 1193 suscepit.

301 1223 503 1275 Plagulas
534 1222 856 1276 typothetarum
891 1221 1075 1274 mendis,
1109 1233 1218 1273 quas
1250 1234 1327 1274 pro
1360 1221 1521 1273 negotii
1549 1221 1801 1263 difficultate

213 1305 381 1346 paucas
410 1292 742 1344 levissimasque
767 1291 1020 1343 plerumque
1043 1289 1175 1331 fuisse
1198 1291 1329 1342 gratis
1352 1289 1604 1342 profitemur
1626 1291 1798 1341 animis,

215 1365 257 1403 et
280 1361 495 1403 editorum
520 1359 755 1413 erroribus,
775 1361 810 1400 si
834 1361 907 1412 qui
930 1359 1073 1411 illapsi
1092 1364 1230 1411 erant,
1250 1358 1547 1400 liberaverunt
1564 1364 1606 1400 et
1623 1360 1801 1412 propria

214 1430 418 1472 doctrina
448 1432 663 1471 auxerunt
693 1441 792 1470 cum
815 1428 844 1468 ii
866 1440 974 1480 quos
997 1427 1127 1468 modo
1151 1428 1477 1469 nominavimus
1500 1432 1590 1469 tum
1613 1427 1800 1469 Ioannes

214 1498 430 1540 Kirchner
446 1499 592 1539 socius
617 1501 747 1549 atque
770 1496 952 1549 amicus,
973 1497 1046 1549 qui
1068 1500 1208 1536 totum
1231 1508 1276 1537 se
1296 1509 1446 1537 rursus
1464 1497 1638 1549 corpori
1655 1495 1801 1538 Attico

213 1565 550 1619 redintegrando
581 1565 830 1617 devoverat,
865 1569 908 1606 et
938 1564 1163 1606 Guenther
1192 1564 1493 1606 Klaffenbach.
1545 1564 1668 1616 Quod
1698 1577 1800 1618 ope-

212 1647 362 1676 rarum
402 1634 600 1688 prelique
638 1633 835 1675 laborem
878 1635 1047 1686 asperis
1079 1645 1186 1675 sane
1221 1634 1492 1686 temporibus
1524 1647 1602 1688 per
1634 1635 1802 1687 aliquot

213 1716 388 1746 menses
419 1703 710 1755 interruptum
744 1715 826 1744 nec
859 1706 1006 1743 tamen
1041 1702 1273 1755 abruptum
1298 1707 1340 1744 et
1362 1704 1450 1744 iam
1473 1702 1528 1744 ad
1551 1702 1681 1745 finem
1704 1715 1801 1756 per-

213 1773 392 1814 ductum
434 1772 608 1826 aspicis,
647 1771 868 1825 impavido
906 1778 1171 1824 strenuoque
1215 1771 1398 1813 debetur
1435 1772 1609 1825 ingenio
1641 1771 1800 1813 biblio-

212 1841 355 1896 polae,
396 1841 470 1895 qui
518 1840 751 1883 consilium
797 1853 940 1883 novae
982 1840 1185 1882 editionis
1228 1854 1306 1883 suo
1348 1841 1494 1883 animo
1538 1845 1731 1894 ceperat,
1775 1853 1800 1881 a

213 1914 341 1963 capto
382 1914 445 1952 tot
482 1909 784 1963 iniquitatibus
828 1909 1170 1963 tumultibusque
1212 1912 1534 1963 imperterritus
1572 1922 1798 1964 nunquam

215 1979 455 2021 destiterat.

299 2047 469 2089 Indices
501 2049 589 2089 iam
623 2047 713 2090 fere
744 2052 924 2101 paratos
957 2052 1114 2101 quarto
1137 2049 1360 2090 volumine
1384 2050 1581 2102 protinus
1605 2047 1800 2090 edendos

215 2116 482 2172 curabimus,
524 2116 883 2170 corrigendorum
917 2116 1038 2158 dirae
1070 2119 1326 2160 necessitati
1359 2118 1472 2159 tardi
1504 2130 1611 2159 sane
1645 2116 1722 2159 sed
1754 2121 1800 2157 ut

212 2198 268 2227 ne
300 2190 453 2228 nostro
485 2185 679 2228 defuisse
710 2186 938 2228 videamur
971 2185 1126 2239 officio,
1162 2187 1291 2228 simul
1326 2186 1686 2240 obtemperaturi.

384 2301 607 2343 Dabamus
639 2301 839 2355 Zephyrii

303 2384 356 2411 m.
382 2369 624 2413 Februario
658 2383 693 2413 a.
718 2369 937 2413 MCMXX.

877 2486 1122 2528 Fridericus
1156 2485 1288 2528 Hiller
1321 2486 1373 2528 de
1406 2485 1709 2539 Gaertringen.
