2198 3522
131 304 212 340 970,
573 302 822 337 Sceuotheca.
870 300 1045 335 Porticus
1069 301 1270 336 Eleusinia.
1648 304 1712 340 19.

131 442 335 500 προσθίοις
347 443 382 495 3,
414 439 566 496 τάφρον
599 439 736 495 ὀρύξαι
765 437 916 486 πλάτος
939 438 1041 480 ὀκτὼ
1063 440 1212 493 ποδῶν,
1244 444 1370 494 μῆκος
1399 440 1625 497 τριάῂοντα
1645 462 1715 486 πο-

133 515 227 567 δῶν,
261 511 385 568 βάθος
417 510 538 565 μέχρι
558 512 627 550 τοῦ
651 509 887 564 στερίφου4,
920 507 988 549 καὶ
1010 509 1292 564 ἐκφορήσαντα
1324 509 1394 565 τὴν
1423 508 1508 565 γίῆν
1541 510 1614 557 ἔξω
1646 517 1714 554 τοῦ

134 583 241 637 ἱεροῦ
271 582 327 627 εἰς
357 577 400 620 τὸ
433 579 638 634 θέατρον5
668 578 711 619 τὸ
743 577 808 619 ἐπὶ
838 580 907 618 τοῦ
940 577 1136 618 σταδίουθ
1166 579 1323 619 τιθέναι
1352 577 1456 634 τοΙὺς
1487 579 1625 626 λίθους
1645 586 1715 636 τῆς

135 653 317 706 μαλακῆς
347 648 507 703 πέτρας,
538 648 900 703 προσεπιτέμνοντα
931 646 976 687 οὗ
1009 645 1055 687 ἂν
1086 646 1131 701 ἧι
1151 647 1336 702 πέτρῙαἿ,
1370 649 1602 690 συντιθέντα
1627 650 1717 697 τοὺς

221 765 246 797 3
272 761 472 806 Stylobata
487 760 627 796 ordinis
648 760 764 795 antici
776 761 853 796 iam
868 762 1056 805 perfectus
1071 763 1165 806 erat,
1184 761 1387 796 columnae
1400 772 1491 796 vero
1507 765 1551 805 (v.
1566 763 1611 797 18
1625 768 1717 808 sqq.)

130 819 301 855 nondum
331 819 544 862 impositae.
605 819 780 854 Ceterum
814 829 899 853 cum
932 819 1233 854 additamentum
1267 825 1339 858 τοῖς
1372 820 1549 864 προσθίοις
1581 821 1719 865 prodat

130 878 246 912 etiam
265 877 362 912 alias
381 876 497 911 fuisse
511 877 720 919 columnas,
741 876 960 911 necessario
978 877 1223 911 statuendum
1244 879 1299 911 est
1323 877 1511 920 porticum
1529 878 1718 923 utrimque

131 936 302 979 apertam
329 937 365 968 et
383 934 568 968 columnis
587 934 753 969 cinctam
771 933 906 977 fuisse;
935 945 956 969 a
973 934 1122 978 postica
1139 944 1229 968 vero
1248 936 1357 978 parte
1375 933 1456 969 sine
1475 934 1587 970 dubio
1609 946 1716 971 muro

128 991 286 1037 periboli
311 995 356 1035 (v.
373 992 407 1034 2)
432 991 709 1026 terminabatur
733 994 830 1027 stoa.
947 995 973 1027 4
1007 994 1128 1027 Fossa
1161 992 1379 1036 stylobatae
1410 991 1566 1027 alterius
1590 993 1718 1028 lateris

129 1049 308 1085 struendo
334 1049 577 1085 inserviebat.
618 1050 766 1084 Etenim
784 1049 934 1084 initium
954 1050 1132 1094 capiebat
1156 1061 1179 1084 a
1197 1049 1389 1094 stylobata
1407 1050 1542 1084 frontis
1561 1052 1651 1093 (not.
1666 1051 1716 1094 3);

130 1118 254 1152 neque
278 1107 375 1141 muri
400 1107 652 1142 fundamenta
683 1108 722 1142 in
755 1107 828 1142 hac
854 1108 958 1143 fossa
984 1107 1166 1143 collocari
1189 1107 1278 1142 inde
1306 1110 1476 1152 apparet,
1508 1109 1609 1152 quod
1644 1108 1717 1143 duo

128 1165 242 1200 modo
262 1164 413 1199 ordines
430 1164 611 1208 lapidum.
638 1164 798 1209 primum
818 1166 909 1200 λίθοι
926 1171 988 1212 τῆς
1007 1166 1167 1210 μαλακῆς
1185 1167 1307 1211 πέτρας
1327 1170 1370 1207 (V.
1389 1165 1434 1209 8),
1461 1165 1598 1200 deinde
1615 1179 1720 1200 κατα-

128 1223 302 1269 ληπτῆρες
329 1223 445 1266 (v.12)
472 1223 639 1267 ponendi
664 1224 852 1266 locantur,
879 1233 966 1258 cum
991 1225 1122 1258 tamen
1146 1224 1247 1258 hanc
1272 1225 1504 1257 structuram
1529 1223 1717 1268 integram

130 1290 214 1315 esse
238 1279 327 1314 inde
356 1283 539 1324 appareat
564 1280 664 1325 quod
689 1292 722 1315 v.
743 1280 786 1315 18
814 1281 860 1315 ab
893 1292 939 1316 ea
972 1280 1101 1316 statim
1127 1280 1310 1315 transitur
1342 1281 1391 1315 ad
1421 1281 1622 1316 columnas
1648 1281 1719 1315 eri-

129 1338 285 1383 gendas.
326 1337 488 1372 Alterius
513 1338 643 1372 lateris
670 1340 822 1382 angusti
845 1338 1039 1382 stylobata
1064 1340 1268 1382 propterea
1285 1349 1363 1372 non
1383 1340 1718 1380 commemoratur,

129 1395 217 1440 quia
240 1395 273 1430 is
298 1397 340 1430 ut
365 1396 426 1430 ille
453 1395 605 1430 anticae
631 1396 751 1440 partis
776 1398 853 1431 iam
872 1396 1064 1440 perfectus
1090 1396 1207 1430 fuisse
1224 1396 1385 1430 videtur.
1424 1395 1586 1430 Patebat
1607 1395 1720 1440 igitur

128 1454 297 1498 porticus
322 1453 420 1488 inter
444 1464 593 1488 murum
621 1456 658 1488 et
684 1454 853 1488 anticum
875 1454 1139 1488 columnarum
1166 1453 1337 1487 ordinem
1363 1453 1481 1496 pedes
1507 1453 1671 1496 triginta.

177 1513 201 1545 5
226 1511 310 1546 Duo
334 1510 449 1556 igitur
474 1512 623 1546 theatra
648 1512 825 1546 Eleusine
851 1511 1005 1546 fuerunt
1032 1511 1142 1554 (Phi).
1183 1511 1264 1545 Hoc
1290 1511 1390 1545 enim
1415 1512 1617 1553 theatrum,
1651 1511 1721 1545 etsi

130 1571 239 1603 extra
263 1568 475 1613 peribolum
501 1571 592 1613 erat,
625 1571 754 1603 tamen
780 1571 821 1603 ut
847 1568 1014 1604 stadium
1047 1579 1132 1603 cum
1164 1578 1209 1602 eo
1245 1568 1489 1602 coniunctum
1526 1568 1573 1603 ad
1599 1572 1719 1603 certa-

130 1626 238 1661 mina
268 1628 306 1660 et
338 1627 592 1661 caerimonias
622 1625 890 1669 mysteriorum
924 1629 961 1660 et
985 1624 1263 1660 Eleusiniorum
1297 1625 1527 1660 destinatum
1557 1626 1718 1670 ideoque.

130 1693 207 1717 non
241 1683 366 1718 minus
398 1694 512 1728 quam
546 1684 670 1727 ipsum
705 1683 901 1717 delubrum
931 1683 970 1717 in
1002 1683 1124 1717 tutela
1155 1682 1284 1727 populi
1313 1682 1605 1717 Atheniensium
1638 1684 1717 1727 fuit,

132 1739 237 1775 cuius
262 1740 327 1775 illa
352 1743 463 1775 erant
490 1741 561 1785 ἱερὰ
586 1742 771 1786 δημοτελῆ.
816 1740 1013 1785 Quomodo
1040 1742 1151 1784 enim,
1178 1741 1211 1776 si
1237 1740 1346 1775 aliter
1370 1751 1430 1775 res
1453 1752 1493 1776 se
1511 1740 1718 1784 habuisset,

131 1798 293 1843 populus
316 1800 458 1832 terram
485 1799 667 1834 effossam
694 1799 784 1833 illuc
810 1798 1007 1833 transferri
1031 1799 1162 1833 iubere
1187 1800 1361 1843 poterat?
1403 1798 1541 1834 Verum
1568 1799 1719 1834 demum

130 1855 406 1890 Eleusiniorum
430 1855 521 1890 item
541 1867 650 1890 suum
667 1856 848 1890 habuisse
868 1856 1069 1900 theatrum,
1095 1857 1133 1890 in
1153 1867 1225 1901 quo
1253 1856 1412 1891 Διονύσια
1429 1857 1470 1890 τὰ
1487 1853 1562 1890 κατ’
1584 1857 1718 1902 ἀγρούς,

131 1913 231 1948 demi
243 1924 322 1948 non
337 1912 501 1948 civitatis
517 1914 645 1957 feriae,
659 1916 942 1958 peragerentur,
962 1914 1101 1948 docent
1119 1914 1356 1948 demotarum
1371 1913 1526 1948 decreta
1544 1924 1580 1948 n.
1593 1914 1717 1957 95610:

128 1967 298 2006 Ἐλευσῖνι
324 1971 359 2004 ἐν
383 1973 432 2018 τῷ
456 1972 589 2018 θεάτρῳ
608 1972 790 2018 τραγῳδῶν
808 1974 857 2018 τῷ
882 1973 998 2019 ἀγῶνι.
1036 1964 1170 2014 1094θῖ
1192 1971 1365 2014 Διονύσζια
1384 1972 1583 2014 π]οιοΰντων
1601 1971 1718 2006 Ἐλευ·

131 2029 254 2064 σινίων.
287 2039 322 2063 V.
340 2028 400 2063 20:
428 2028 611 2064 Διονυσίων
636 2027 917 2073 τῶνἜ[).]ευσῖνι
939 2034 1012 2068 τοῖς
1029 2030 1229 2076 τραγῳδοῖς.
1264 2040 1298 2063 v.
1312 2029 1375 2063 31:
1403 2030 1495 2067 ὅπως,
1519 2028 1557 2062 ἂν
1576 2029 1718 2075 ἀναγρα-

131 2091 190 2132 φεῖ
213 2087 290 2120 τόδε
314 2088 351 2120 τὸ
378 2087 539 2132 ψήφισμα
563 2088 620 2121 καὶ
646 2088 764 2124 σταθεῖ
787 2087 820 2121 ἐν
839 2090 886 2134 τῷ
904 2086 1102 2133 Διονυ[σ]ίῳ.
1145 2087 1276 2132 Neque
1301 2088 1404 2120 recte
1424 2086 1464 2121 O.
1483 2086 1717 2121 Rubensohn

129 2143 197 2178 Die
213 2143 664 2189 Mysterienheiligtiimer
680 2145 746 2179 121
764 2145 856 2179 illud
873 2144 973 2189 quod
991 2156 1026 2179 n.
1045 2144 1172 2186 109421
1187 2155 1267 2189 sqq.
1293 2143 1496 2178 Damasias
1513 2143 1718 2178 Thebanus

131 2201 268 2237 choros
294 2201 389 2236 duos
415 2200 541 2236 Cereri
567 2204 604 2236 et
629 2202 882 2247 Proserpinae
908 2205 946 2237 et
970 2203 1123 2237 Baccho
1151 2202 1333 2236 obtulisse
1360 2201 1505 2245 dicitur,
1536 2201 1586 2235 ad
1611 2211 1718 2236 scae-

130 2259 238 2295 nicos
262 2260 371 2294 ludos
396 2270 463 2303 per
480 2260 755 2294 Eleusiniorum
778 2260 892 2295 ferias
910 2260 1061 2295 habitos
1078 2260 1205 2294 refert.
1246 2260 1365 2294 Immo
1385 2259 1486 2293 demi
1510 2269 1622 2294 sacra
1642 2259 1717 2293 illic

129 2316 290 2352 indicari
313 2318 397 2352 luce
423 2318 563 2353 clarius
589 2321 657 2353 est.
698 2318 793 2352 Illud
818 2329 909 2353 vero
935 2318 1139 2361 theatrum,
1173 2317 1272 2362 quod
1297 2317 1358 2351 hic
1388 2317 1587 2360 habemus,
1622 2317 1719 2351 redit

131 2373 239 2419 Syll.2
255 2376 360 2418 58745
384 2377 444 2421 τὸγ
468 2380 552 2424 χοῦν
578 2376 863 2422 ἀπο[φ]ο[ρήσασι]
890 2377 937 2414 εἰς
961 2377 999 2410 τὸ
1026 2376 1179 2421 θέατρον,
1206 2375 1289 2409 eius
1316 2385 1462 2409 scaena
1487 2384 1718 2409 commemo-

130 2434 235 2467 ratur
257 2432 343 2468 ibid.
369 2444 404 2467 v.
421 2432 501 2468 304.
542 2433 675 2468 Nullas
703 2433 791 2467 dum
816 2433 954 2468 theatri
970 2431 1146 2478 reliquias
1162 2432 1339 2467 Eleusine
1358 2432 1523 2466 effossas
1549 2442 1634 2466 esse
1652 2432 1717 2466 ad-

131 2491 241 2525 notat
265 2490 342 2526 Phi.
453 2494 478 2526 6
503 2491 545 2525 In
571 2491 848 2526 Eleusiniorum
875 2490 1147 2526 certaminibus
1172 2490 1295 2525 stadio
1322 2500 1416 2533 opus
1441 2489 1557 2523 fuisse
1580 2490 1717 2533 sponte

131 2548 247 2591 patet,
262 2548 333 2583 etsi
345 2559 394 2584 ne
407 2549 520 2584 huius
535 2549 684 2593 quidem
698 2549 778 2598 ulla
793 2548 918 2584 adhuc
932 2547 1092 2593 vestigia
1105 2550 1257 2593 reperta
1271 2550 1368 2582 sunt.
1396 2547 1449 2582 Cf.
1465 2546 1716 2591 Sy11.25872531

133 2603 181 2642 εἰς
204 2606 265 2652 τὴν
289 2607 481 2652 τριετηρίῦα
505 2614 571 2641 τῶν
586 2599 806 2645 Ἐλευσὶινίων
833 2608 880 2644 εἰς
905 2608 960 2641 τὸν
979 2607 1140 2652 γυμνικὸν
1160 2607 1275 2651 ἀγῶνα
1299 2606 1368 2648 aasz
1392 2610 1454 2652 τῆς
1479 2604 1717 2650 ἱπποδρομίας]

132 2662 190 2695 καὶ
213 2666 271 2697 τοῦ
296 2664 436 2710 πατρίου
463 2665 594 2710 ἀγῶνος
618 2665 677 2699 καὶ
700 2670 761 2710 τῆς
788 2669 954 2711 μουσικῆς
977 2691 1034 2707 --,
1069 2674 1102 2697 v.
1121 2663 1206 2697 262:
1242 2663 1288 2701 εἰς
1312 2664 1374 2709 τὴν
1402 2662 1630 2706 ἱπποδρομίαν
1654 2662 1715 2705 τὴν

133 2719 375 2764 προστεθεῖσαν
399 2722 486 2756 κατὰ
511 2723 673 2768 ψήφισμα
697 2721 800 2757 ἆθλα.
912 2722 935 2756 7
961 2721 1002 2755 In
1027 2719 1246 2755 universum
1266 2719 1419 2764 quidem
1444 2729 1563 2763 usque
1590 2717 1639 2752 ad
1662 2717 1716 2751 vi-

133 2784 224 2809 vum
248 2787 383 2812 saxum
410 2779 523 2826 (μέχρι
547 2784 605 2814 τοῦ
631 2780 787 2826 στερίφου
813 2790 847 2813 v.
866 2779 897 2822 6,
932 2778 978 2812 cf.
1004 2789 1040 2813 n.
1058 2778 1148 2821 9698
1172 2777 1478 2823 ἀνακαθαράμενος
1503 2777 1558 2811 ἐπὶ
1581 2778 1619 2810 τὸ
1645 2778 1716 2808 στέ-

137 2844 244 2878 ρῑφον.
276 2834 409 2878 258746
432 2838 479 2881 τῷ
502 2837 656 2871 ἀνελόντι
678 2838 738 2871 καὶ
763 2837 1020 2882 ἀνακαθήραντι
1049 2841 1109 2870 τοῦ
1135 2836 1263 2881 πύργου
1289 2836 1326 2870 τὸ
1351 2834 1569 2880 λιθολόγημα
1601 2833 1655 2865 ἐπὶ
1678 2832 1715 2865 τὸ

136 2889 300 2935 ‹xz-eptem)
325 2893 426 2927 terra
456 2896 677 2929 removetur
706 2894 832 2939 illique
870 2893 1018 2938 lapides
1050 2892 1306 2938 imponuntur.
1356 2891 1431 2927 Sed
1462 2891 1492 2926 si
1524 2900 1596 2934 quo
1630 2889 1715 2923 loeo

133 2945 235 2981 infra
250 2946 373 2991 ipsam
391 2950 462 2985 soli
478 2951 715 2995 superficiem
733 2952 861 2986 statim
880 2961 1014 2985 saxum
1032 2951 1256 2994 invenietur,
1275 2949 1355 2984 eius
1372 2951 1484 2983 tanta
1501 2957 1590 2991 pars
1606 2955 1716 2990 prae-

135 3002 298 3039 cidenda
323 3009 380 3042 est
402 3009 444 3042 ut
466 3008 614 3053 lapides
640 3009 928 3045 substructionis
954 3008 1154 3044 commode
1181 3007 1327 3052 imponi
1351 3005 1508 3050 possint.

1395 3062 1438 3096 6*
