2198 3522
281 293 383 329 1109.
979 292 1168 328 Iobacchi.
1781 293 1811 329 ΙΙ
1828 294 1862 328 5.

281 433 530 490 φιλοτειμίας
560 433 686 473 ποιεῖν
719 433 738 472 ὁ
773 431 1045 487 ἱΞῙρασάμενος
1075 431 1348 488 ΙΓεικόμοιχος.
1474 433 1493 472 ὁ
1530 432 1573 474 δὲ
1606 433 1864 489 ἀρχίηβακχος

190 509 257 543 120
284 504 411 544 θυέτω
451 502 520 558 τὴν
554 501 695 542 θυσίαν
727 507 782 557 τῷ
830 502 911 556 θεῷ
952 501 1018 542 καὶ
1056 501 1125 557 τὴν
1159 501 1331 556 σπονδὴν
1363 499 1653 557 τιθέτωικατὰ
1692 501 1861 557 δεκάτην

279 575 348 613 τοῦ
375 568 738 627 Ἐλαφηβολιῶνος
781 571 902 625 μηνός
915 571 977 612 55.
1107 571 1302 626 μερῶν56
1345 569 1388 611 δὲ
1428 571 1587 625 γεινομέ
1602 587 1677 611 νων
1721 571 1863 626 αἰρέτω

283 640 428 696 ἱερεύς,
476 639 703 695 ἀνθιερεύς,
732 638 735 694 1
767 639 1034 696 ἀρχίβακχος,
1078 641 1243 693 ταμίας,
1294 639 1602 694 βουκολικόςὸἹ,
1630 645 1631 694 ᾖ
1662 640 1861 690 Διόνυσος,

192 717 259 751 125
284 707 396 765 Κόρη
409 709 474 762 58,
504 707 802 763 Παλαίμων59,
832 707 1150 765 ἈφροΙόείτηθΟ,
1182 705 1583 764 ΠρωτεύρυῦμοςΒῙ·
1615 706 1665 749 τὰ
1698 708 1740 750 δὲ
1768 709 1866 764 ovd*-

281 794 387 833 ματα
420 778 551 819 αὐτῶν
585 775 1114 834 συνκληρούσθωΙπᾶο-ι62.
1205 779 1247 824 ὃς
1281 774 1311 818 δ’
1338 777 1385 817 ἂν
1418 782 1494 818 τῶν
1529 776 1728 834 ἰοβάκχων
1753 776 1864 833 λάχῃ

281 870 430 904 centem
457 878 542 903 esse
569 870 607 902 et
630 868 809 903 inferiore
836 871 937 903 certe
964 870 1090 904 aetate
1115 868 1301 904 latissime
1320 868 1490 913 patuisse
1508 868 1635 904 multis
1654 870 1692 904 et
1709 868 1866 913 scripto-

279 936 363 961 rum
396 928 435 961 et
465 925 657 961 titulorum
690 926 918 961 testimoniis
953 926 1077 961 allatis
1113 926 1240 961 docuit
1264 927 1321 970 M.‚
1353 926 1516 972 ideoque
1541 927 1579 961 in
1606 926 1779 971 mysticis
1805 937 1865 962 so-

280 983 502 1019 dalitatibus
538 994 817 1029 nonnunquam
853 984 951 1019 inter
991 985 1068 1019 alia
1105 984 1232 1019 officia
1271 984 1386 1020 etiam
1428 985 1590 1031 θεολόγου
1630 983 1866 1019 mentionem

280 1041 362 1076 fieri
393 1041 549 1081 (Lucian
582 1041 852 1076 Pseudomant.
870 1042 924 1077 19.
951 1042 1043 1076 Bull.
1061 1041 1154 1076 Hell.
1173 1041 1222 1076 IX
1243 1042 1334 1085 125).
1384 1041 1556 1077 Ceterum
1591 1041 1866 1077 Nicomachum

278 1099 486 1134 instituisse
519 1102 650 1142 (ποιεῖν)
683 1110 761 1134 non
792 1100 914 1144 ipsum
946 1099 1126 1134 habuisse
1153 1100 1345 1142 (ποιεῖσθαι)
1380 1099 1482 1134 hanc
1507 1100 1721 1134 orationem
1748 1110 1866 1134 enun-

279 1156 406 1201 tiatur,
440 1156 512 1192 etsi
542 1158 618 1192 hoc
650 1167 797 1202 quoque
830 1168 915 1192 eum
947 1156 1083 1192 fecisse
1109 1168 1186 1193 non
1211 1156 1460 1202 improbabile
1486 1160 1554 1192 est.
1605 1157 1753 1192 Similes
1779 1161 1867 1193 sunt

280 1215 476 1263 ἀρεταλόγοι
503 1215 700 1258 (n.117283.
820 1218 871 1249 55
898 1215 950 1250 Cf.
977 1217 1056 1249 not.
1074 1214 1106 1249 3.
1221 1217 1272 1249 56
1298 1215 1384 1250 Non
1410 1215 1455 1250 de
1481 1214 1718 1259 portionibus
1746 1214 1867 1250 distri-

279 1272 438 1307 buendis
476 1272 536 1317 agi
568 1272 726 1316 videtur,
764 1272 831 1307 sed
865 1272 910 1307 de
948 1272 1188 1308 caerimoniis
1229 1275 1267 1307 et
1300 1272 1572 1317 antiquissimis
1609 1275 1646 1308 et
1682 1272 1868 1308 latissime

280 1330 499 1375 propa‘gatis
533 1330 666 1375 quibus
699 1330 757 1365 dei
792 1331 839 1364 ab
872 1330 1089 1365 hominibus
1115 1341 1250 1365 mensa
1274 1330 1454 1375 hospitali
1476 1330 1683 1365 invitentur
1707 1333 1743 1365 et
1769 1330 1867 1366 acci-

280 1388 432 1432 piantur
456 1391 505 1430 (n.
523 1387 674 1431 110622j,
705 1388 760 1422 ita
790 1390 831 1422 ut
861 1388 1037 1423 homines
1064 1388 1218 1422 deorum
1243 1387 1388 1422 vicibus
1412 1388 1450 1422 in
1476 1388 1534 1423 his
1561 1388 1721 1433 dapibus
1747 1388 1867 1423 functi

281 1446 368 1480 sint.
417 1446 541 1490 Quare
565 1445 663 1480 haec
690 1446 777 1492 μέρη
806 1456 893 1480 cum
920 1451 1096 1491 μερισμοῖς
1123 1448 1168 1487 (n.
1187 1446 1242 1488 43)
1270 1446 1479 1480 arctissime
1507 1446 1723 1481 cohaerent.

328 1505 379 1537 57
407 1503 502 1539 Cum
535 1503 741 1539 manifesto
774 1504 847 1538 duo
882 1514 922 1538 se
954 1503 1015 1538 hic
1048 1503 1242 1548 excipiant
1272 1503 1434 1547 ordines,
1460 1504 1563 1548 prior
1585 1502 1780 1539 hominum
1807 1503 1868 1549 qui

282 1560 494 1597 sodalitatis
527 1561 641 1596 rebus
672 1564 866 1606 praesunt,
902 1561 999 1596 alter
1024 1561 1190 1606 deorum,
1226 1572 1385 1606 quorum
1410 1571 1595 1606 personas
1621 1561 1795 1596 nonnulli
1820 1572 1867 1595 ex

283 1618 478 1653 sodalibus
504 1621 606 1653 sorte
633 1619 736 1654 ducti
759 1619 932 1662 induunt,
964 1618 1211 1654 manifestum
1239 1621 1298 1654 est
1324 1619 1484 1654 alterum
1511 1618 1682 1654 ordinem
1710 1618 1758 1653 ab
1783 1619 1866 1663 ipso

282 1675 480 1720 principali
512 1676 647 1711 horum
680 1687 877 1711 sacrorum
911 1676 982 1711 deo
1016 1676 1195 1721 incipere.
1246 1675 1425 1720 Sequitur
1458 1678 1498 1711 ut
1532 1677 1736 1722 βουκολικὸς
1769 1675 1868 1710 inter

282 1733 532 1778 magistratus
549 1734 611 1769 vel
628 1734 864 1769 sacrificulos
883 1733 1031 1778 collegii
1048 1733 1106 1777 sit,
1134 1734 1206 1768 etsi
1222 1744 1410 1779 nusquam
1430 1733 1518 1768 alibi
1536 1733 1615 1769 eius
1632 1734 1866 1768 mentionem

284 1791 364 1826 fieri
393 1791 550 1827 mireris.
599 1791 749 1826 Nomen
787 1802 873 1826 cum
906 1791 1148 1827 caerimoniis
1178 1791 1216 1826 in
1249 1791 1383 1836 quibus
1413 1791 1568 1826 Baccho
1599 1791 1699 1826 tauri
1728 1793 1868 1826 natura

283 1848 454 1884 tribuitur
479 1849 535 1892 (cf.
555 1860 652 1895 quae
678 1849 724 1884 de
751 1850 925 1895 βουκόλων
945 1849 1113 1894 collegiis
1139 1849 1310 1894 mysticis
1335 1852 1576 1894 exponuntur
1601 1860 1637 1884 n.
1656 1849 1778 1891 11151)
1806 1859 1867 1883 co-

282 1906 426 1942 haeret.
522 1909 574 1942 58
601 1906 869 1951 Proserpinam
892 1906 1045 1942 Baccho
1073 1907 1295 1942 adiunctam
1321 1917 1368 1941 ex
1385 1906 1711 1942 Anthesteriorum
1739 1907 1867 1951 sacris,

281 1975 348 2008 per
371 1975 469 2010 quae
495 1965 627 2010 regina
652 1966 720 2007 (i.e.
740 1965 935 2000 archontis
960 1965 1057 2009 regis
1083 1968 1188 2007 uxor)
1216 1965 1287 1999 deo
1313 1964 1352 1999 in
1378 1963 1664 1999 matrimonium
1691 1964 1865 2009 dabatur,

280 2021 481 2067 repetitam
507 2033 585 2057 non
612 2032 706 2067 esse,
739 2022 826 2067 quia
860 2021 902 2058 Ο.
920 2022 1068 2057 Miilleri
1098 2025 1135 2058 et
1166 2023 1205 2057 E.
1225 2022 1410 2058 Gerhardi
1444 2022 1583 2067 opinio,
1617 2022 1722 2057 illam
1755 2021 1866 2057 huius

282 2079 520 2124 potissimum
539 2080 634 2116 deae
650 2081 754 2116 vices
772 2091 913 2125 gerere,
940 2091 1018 2115 non
1035 2083 1138 2115 recte
1157 2091 1198 2116 se
1216 2080 1388 2124 haberet,
1407 2080 1487 2115 iure
1506 2080 1717 2125 meritoque
1736 2083 1867 2116 censet

280 2137 326 2173 M.
376 2138 445 2183 Qui
470 2138 550 2182 ipse
583 2148 630 2173 ex
661 2137 852 2183 mysteriis
883 2137 1092 2174 minoribus
1127 2139 1178 2181 (τὰ
1211 2140 1293 2185 πρὸς
1318 2137 1436 2185 Ἄγραν
1469 2149 1504 2173 n.
1523 2138 1624 2180 3842)
1659 2139 1699 2173 in
1730 2137 1868 2183 quibus

281 2205 376 2231 sane
408 2196 660 2231 certissimum
693 2199 752 2231 est
777 2196 969 2232 Bacchum
994 2207 1074 2232 una
1099 2207 1185 2232 cum
1213 2197 1445 2241 Proserpina
1471 2196 1615 2231 cultum
1641 2207 1738 2241 esse,
1770 2196 1867 2231 haec

281 2252 555 2289 Iobacchorum
573 2265 685 2289 sacra
703 2257 797 2289 nata
816 2257 883 2289 aut
900 2258 1001 2290 certe
1020 2255 1180 2290 arctiore
1198 2254 1482 2290 necessitudine
1501 2265 1586 2289 eum
1600 2254 1645 2289 iis
1661 2254 1868 2289 coniuncta

282 2322 366 2346 esse
384 2312 533 2355 statuit;
561 2323 658 2357 quae
684 2312 837 2357 publica
855 2312 1142 2347 Atheniensium
1161 2313 1292 2358 populi
1309 2314 1494 2357 mysteria
1511 2323 1585 2358 quo
1602 2313 1684 2347 iure
1703 2312 1867 2357 Orphica

282 2369 398 2404 fuisse
424 2369 624 2413 existimet,
651 2369 856 2404 diiudicare
881 2380 1006 2415 neque
1032 2381 1162 2405 meum
1189 2373 1246 2405 est
1271 2381 1394 2416 neque
1420 2370 1534 2405 huius
1558 2370 1643 2405 loci.
1685 2369 1788 2405 Dttb.

328 2429 381 2462 59
405 2427 595 2472 Hymnum
623 2427 828 2472 Orphicum
853 2427 1008 2471 LXXIV1
1038 2429 1236 2474 Λευκοθέη»
1264 2427 1521 2470 (Palaemonis
1552 2430 1726 2470 matrem)
1751 2428 1866 2462 καλέω

283 2483 480 2531 Καδμηῖόα,
505 2486 648 2531 δαίμονα
674 2487 813 2531 σεμνὴν,
840 2486 1033 2530 εὺὸύνατον,
1058 2487 1260 2531 θρέπτειραν
1287 2487 1491 2531 Haracetum
1516 2486 1679 2521 Διονύςου
1698 2484 1804 2520 Wide
1830 2487 1868 2519 et

283 2541 330 2576 M.
345 2541 511 2577 afferunt
528 2542 577 2577 ad
589 2543 690 2578 hanc
704 2542 948 2577 Palaemonis
962 2553 1046 2577 cum
1060 2542 1212 2578 Baccho
1228 2543 1537 2579 coniunctionem
1553 2542 1868 2578 confirmandam.

283 2598 458 2634 Ceterum
484 2602 520 2635 et
545 2601 648 2635 hunc
679 2603 715 2635 et
732 2600 919 2636 Venerem
945 2600 1157 2635 recentiore
1183 2600 1334 2636 demum
1354 2603 1525 2645 tempore
1544 2602 1751 2636 accessisse
1778 2610 1866 2635 con-

283 2656 349 2691 icit
377 2656 423 2692 M.
572 2661 627 2693 60
659 2658 711 2694 Cf.
737 2658 873 2702 Hymn.
900 2658 1011 2702 Orph.
1037 2658 1114 2700 LV7
1150 2657 1346 2706 (Ἀφροδίτη)
1385 2660 1491 2705 σεμνὴ
1522 2658 1677 2706 Βάκχοιο
1712 2658 1866 2704 πάρεδρε,

284 2713 385 2759 quod
414 2717 540 2750 utrum
565 2715 714 2760 proprie
740 2715 786 2750 de
812 2725 1009 2750 sacrorum
1035 2715 1304 2751 communione
1331 2716 1488 2761 dicatur,
1522 2727 1570 2751 an
1598 2717 1778 2760 tangatur
1802 2714 1868 2749 illa

283 2771 510 2816 gaudiorum
540 2772 681 2808 Bacchi
715 2776 754 2808 et
779 2772 934 2809 Veneris
968 2772 1131 2808 societas
1165 2776 1202 2808 et
1234 2773 1404 2818 conexio,
1437 2773 1476 2809 in
1509 2784 1583 2819 qua
1607 2771 1868 2818 praedicanda

283 2828 391 2864 multi
421 2833 510 2865 sunt
541 2834 688 2875 poetae,
724 2841 818 2866 sane
851 2830 985 2865 dubius
1018 2830 1192 2865 haereas.
1228 2831 1274 2867 M.
1416 2834 1463 2866 61
1500 2831 1695 2875 Proprium
1726 2839 1868 2865 nomen

284 2886 482 2922 daemonis
518 2888 716 2923 cuiusdam
748 2888 891 2923 Bacchi
924 2887 1085 2922 ministri
1118 2890 1186 2932 est,
1224 2889 1332 2925 cuius
1366 2889 1474 2924 nulla
1508 2890 1707 2932 praeterea
1740 2888 1868 2922 exstat

282 2944 478 2980 memoria.
619 2948 672 2980 62
705 2946 785 2982 Hoc
821 2945 1026 2981 manifesto
1065 2945 1113 2980 ad
1150 2946 1324 2991 proxima
1356 2946 1474 2982 modo
1508 2945 1675 2991 quinque
1709 2944 1866 2979 deorum

284 3001 442 3038 nomina
467 3004 625 3048 spectat,
651 3013 774 3048 neque
802 3003 904 3039 aliud
931 3003 1128 3048 significat,
1154 3003 1227 3038 nisi
1251 3004 1420 3039 omnium
1444 3002 1718 3038 Iobacchorum
1744 3003 1868 3037 sortes

351 3064 631 3100 Dittenberger‚
650 3066 767 3100 Sylloge
785 3067 835 3093 111.
1550 3059 1594 3093 18

1782 3117 1868 3159 273
