2198 3522
383 678 428 713 10

455 259 536 295 954.
1055 259 1224 294 Pecunia
1247 259 1434 304 publicae.
1969 261 1985 296 I
2000 260 2035 296 5.

510 399 650 441 τούτου
682 401 722 442 ἐν
754 400 958 455 ἐπιμονᾷ8
991 398 1204 454 Παυσανίᾳ
1235 398 1448 440 Παυσανία
1468 397 1625 454 Ἀρεθ.9
1655 415 1744 440 τεσ-

569 467 809 525 σαράΙκοντα
840 468 971 524 λίτραι
1002 469 1041 509 ἓν
1075 468 1348 523 ἑβδομήκοντα
1377 466 1554 509 τάλαντα

509 535 579 578 καὶ
608 535 719 593 παρὰ
741 536 745 593 Ι
767 537 1066 593 ἱερομναμόνοις
1096 537 1178 582 τοῖς
1200 535 1265 577 ἐπὶ
1285 534 1514 591 Ἀρίστωνος
1527 537 1576 569 10
1602 536 1739 578 λοιπὸν

567 606 689 647 τέσσα
719 623 756 652 ες
777 605 1038 661 [ἐνενήκοντα
1068 605 1211 660 λίτραι,
1247 604 1345 645 δέκα
1366 604 1507 646 ἑκατὸν
1539 621 1742 660 τετρακισ-

565 675 678 730 χίλια
711 672 1066 730 μύριοιΙτάλαντα.

453 778 489 812 ’ὀὲ
513 782 585 815 τοῖς
611 778 727 814 αὐτοῖς
750 776 881 813 τούτοις
905 776 963 809 καὶ
987 774 1047 812 τὰς
1071 775 1202 821 γραφὰς
1225 779 1291 808 τῶν
1311 775 1414 808 δικῶν
1431 773 1580 821 γίνεσθαι
1599 775 1653 808 δεῖ
1675 775 1734 809 καὶ
1757 775 1819 814 τὰς
1836 777 2036 823 εἰσαγωγάς.

452 834 589 882 ἐνιαχοῦ
617 835 678 879 μὲν
705 833 763 868 οὖν
790 833 962 878 μερίζουσι
985 833 1042 866 καὶ
1065 832 1191 877 ταύτην
1217 831 1264 869 εἰς
1289 831 1436 874 πλείους,
1470 831 1519 864 ἔτι
1544 832 1579 865 δὲ
1606 831 1667 874 (οὔ)
1695 832 1756 876 μία
1785 833 1884 878 κυρία
1906 834 2035 868 τούτων

451 892 603 926 πάντων·
637 891 821 925 καλοῦνται
855 890 891 923 δὲ
919 889 1227 936 ἱερομνήμονες
1259 888 1317 922 καὶ
1343 888 1518 922 ἐπιστάται
1542 889 1599 922 καὶ
1626 890 1799 935 μνήμονες
1823 891 1880 924 καὶ
1905 891 2038 929 τούτοις

449 949 537 983 ἄλλα
564 948 713 992 ὀνόματα
739 948 907 993 σύνεγγυς.
947 945 993 980 Hi
1018 956 1143 990 neque
1169 945 1358 980 aerarium
1377 944 1576 979 habebant
1599 956 1721 990 neque
1745 946 1928 991 pecunias
1954 957 2038 982 ero-

449 1005 606 1050 gabant,
631 1007 673 1039 ut
699 1006 883 1049 appareat
907 1003 962 1038 eis
986 1003 1079 1037 nihil
1096 1002 1169 1037 nisi
1184 1013 1325 1037 nomen
1346 1013 1547 1037 commune
1565 1002 1682 1037 fuisse
1701 1003 1878 1038 cumillis
1895 1004 2035 1039 Tauro-

448 1062 662 1098 menitanis.
696 1061 795 1096 Dttb.
838 1061 946 1095 Adde
971 1060 1143 1105 Hepding
1167 1060 1367 1094 Realenc.2
1383 1059 1460 1095 VIII
1483 1059 1586 1096 1490.
1720 1063 1746 1095 6
1777 1061 1878 1096 Ordo
1904 1072 2036 1096 nume-

447 1131 584 1163 rorum,
618 1131 690 1165 quo
724 1118 942 1154 ascenditur
975 1129 998 1153 a
1021 1117 1168 1152 minore
1198 1117 1248 1152 ad
1271 1118 1466 1159 maiorem,
1503 1118 1714 1152 Siculorum
1740 1118 1914 1163 proprius
1941 1121 2033 1163 erat,

446 1178 483 1212 id
517 1176 617 1221 quod
645 1178 796 1220 praeter
829 1175 995 1220 reliquas
1024 1174 1192 1209 eiusdem
1223 1175 1371 1218 generis
1403 1174 1572 1209 rationes
1606 1185 1690 1209 cum
1722 1175 2034 1220 gymnasiarcho-

447 1245 529 1268 rum
563 1233 969 1268 Tauromenitanorum
1008 1232 1162 1266 tabulae
1196 1232 1334 1266 docent
1371 1232 1428 1273 (IG
1445 1231 1525 1267 XIV
1551 1232 1640 1274 4227
1656 1235 1746 1277 sqq.)
1784 1234 1863 1267 tum
1900 1243 2037 1268 versus

446 1290 734 1335 epigrammatis
766 1290 866 1335 quod
903 1289 1141 1324 anathemati
1173 1289 1332 1324 filiorum
1367 1288 1588 1324 Dinomenis
1619 1289 1841 1334 inscriptum
1879 1293 1962 1326 erat
1999 1292 2033 1331 ἓξ

445 1350 564 1383 ἑκατὸν
591 1349 714 1393 λιτρῶν
745 1349 804 1382 καὶ
837 1349 1047 1394 πεντήκοντα
1071 1347 1245 1381 ταλάντων
1278 1346 1377 1390 (Syll.
1395 1346 1431 1379 13
1453 1345 1542 1390 p.38
1567 1346 1702 1385 n.35⁶).
1744 1347 1797 1381 De
1824 1358 1912 1382 aere
1936 1349 2033 1383 haec

445 1405 705 1450 intellegenda
736 1415 820 1440 esse
852 1404 942 1439 inde
975 1407 1143 1448 apparet,
1184 1403 1283 1448 quod
1322 1403 1361 1438 in
1391 1403 1669 1448 sitophylacum
1710 1403 1921 1439 rationibus
1955 1406 2034 1449 ple-

445 1474 602 1507 rumque
620 1461 806 1507 pecuniae
825 1473 848 1497 a
865 1461 1035 1506 frugibus
1054 1460 1334 1506 distinguuntur
1348 1460 1557 1505 praemisso
1576 1461 1751 1506 genetivo
1770 1463 1903 1509 χαλκοῦ
1918 1465 1962 1505 (v.
1978 1462 2032 1497 29.

445 1521 499 1556 64.
522 1520 588 1563 98,
620 1520 740 1555 multo
772 1519 894 1554 rarius
918 1521 1107 1567 χρημάτων
1135 1519 1192 1562 (IG
1215 1518 1296 1554 XIV
1311 1519 1426 1561 43021.
1459 1524 1580 1566 χρῆμα
1609 1520 1647 1553 τὸ
1674 1519 1912 1565 ’δανειζόμενον
1943 1520 2032 1554 ibid.

443 1578 651 1620 422111143).
692 1577 776 1611 Non
803 1577 911 1611 aliter
933 1576 1043 1621 igitur
1075 1579 1153 1610 tum
1185 1577 1315 1623 χαλκός
1347 1576 1392 1610 de
1418 1575 1584 1620 pecunia
1613 1576 1652 1610 in
1682 1576 1900 1611 universum
1924 1587 2032 1612 usur-

443 1635 610 1680 pabatur
634 1633 888 1677 Tauromenii,
923 1636 1038 1678 atque
1064 1633 1223 1668 Athenis
1249 1635 1285 1667 et
1312 1633 1400 1668 alibi
1425 1633 1595 1679 άργύριον.
1634 1633 1786 1668 Libram
1812 1634 1949 1680 (λίτραν)
1976 1634 2028 1673 di-

443 1693 599 1727 midiam
624 1691 762 1735 minae,
789 1692 1038 1726 centesimam
1065 1693 1102 1725 et
1125 1690 1348 1735 vigesimam
1374 1690 1507 1725 talenti
1530 1692 1677 1734 partem
1697 1701 1781 1725 esse
1800 1691 1839 1725 B.
1858 1701 2032 1735 compro-

443 1751 550 1785 bavit
591 1760 676 1785 cum
709 1750 843 1785 horum
876 1749 1068 1783 titulorum
1103 1759 1185 1793 ope,
1224 1751 1302 1782 tum
1334 1748 1560 1792 scriptorum
1593 1748 1832 1783 testimoniis.
1882 1749 2030 1783 Etenim

445 1808 609 1851 priorum
637 1806 864 1851 opinionem,
891 1806 953 1851 qui
978 1806 1114 1840 libram
1141 1808 1177 1840 et
1201 1805 1345 1840 minam
1370 1806 1470 1840 idem
1496 1806 1647 1850 pondus
1665 1805 1946 1850 existimabant,
1971 1817 2030 1841 re-

444 1866 635 1910 darguunt
666 1865 741 1899 loci
766 1874 853 1899 cum
879 1864 1164 1908 epigrammatis
1195 1875 1310 1907 supra
1336 1863 1440 1898 allati
1465 1866 1546 1897 tum
1572 1864 1707 1898 harum
1732 1864 1934 1907 rationum,
1967 1863 2032 1908 qui

443 1923 545 1958 iuxta
577 1922 807 1958 talentorum
839 1932 1037 1956 numerum
1069 1922 1154 1965 plus
1188 1931 1301 1966 quam
1337 1921 1539 1965 sexaginta
1570 1922 1696 1956 minas
1727 1932 1848 1966 usque
1881 1921 1930 1955 ad
1964 1921 2032 1955 119

444 1980 500 2022 (IG
523 1980 601 2015 XIV
624 1980 723 2022 4307)
757 1981 962 2023 separatim
1000 1981 1169 2013 enotant.
1212 1978 1338 2022 Ipsum
1364 1989 1454 2013 vero
1485 1980 1638 2013 centum
1670 1979 1803 2023 viginti
1831 1989 2030 2013 numerum

442 2038 668 2072 monstravit
692 2037 799 2071 locus
825 2036 970 2072 Vitruvi
987 2036 1018 2071 X
1035 2037 1090 2079 21,
1108 2036 1146 2070 7:
1169 2037 1421 2081 gubernabant
1445 2048 1525 2071 eam
1549 2037 1792 2080 (machinam)
1817 2036 1983 2071 homines
2004 2035 2035 2070 O

441 2096 626 2130 habentem
654 2096 799 2140 pondus
832 2095 1003 2129 talentum
1031 2098 1199 2139 quattuor
1222 2095 1384 2137 milium,
1418 2095 1511 2138 quod
1541 2095 1583 2138 fit
1614 2094 1884 2129 COCGLXXX
1906 2094 2029 2138 pondo

443 2151 554 2195 (4000.
582 2151 896 2194 120=480000>.
943 2152 1045 2186 Idem
1082 2154 1239 2195 apparet
1272 2162 1319 2185 ex
1352 2151 1610 2195 compluribus
1642 2151 1777 2186 harum
1810 2151 2026 2186 tabularum

442 2208 671 2245 nominibus.
695 2209 814 2244 veluti
831 2220 863 2243 ν.
883 2210 928 2243 49
941 2220 1021 2254 sqq.
1049 2208 1114 2242 ubi
1139 2219 1186 2242 ex
1211 2209 1301 2242 2672
1321 2209 1384 2243 tal.
1404 2209 1446 2242 91
1465 2208 1647 2243 librarum
1674 2219 1825 2243 summa
1850 2207 2027 2252 expensis

440 2267 530 2300 2269
548 2266 701 2301 talentis
728 2268 765 2301 et
783 2267 848 2300 107
867 2266 969 2300 libris
986 2268 1131 2300 restant
1147 2265 1167 2299 2
1187 2266 1333 2300 talenta
1351 2268 1388 2300 et
1405 2265 1472 2300 104
1490 2266 1618 2300 librae.
1662 2266 1714 2301 Cf.
1733 2265 1848 2300 etiam
1866 2265 2027 2309 Hesych.

442 2329 523 2369 μνᾶ·
549 2325 662 2370 λίτραι
681 2324 739 2358 δύο
767 2324 824 2367 (ΙΙΙ
841 2335 873 2368 p.
889 2324 978 2358 1501
1004 2322 1185 2365 Schmidt)
1213 2326 1250 2357 et
1276 2323 1400 2358 Schol.
1420 2324 1511 2359 Ven.
1530 2323 1561 2357 A
1588 2323 1637 2358 ad
1658 2324 1766 2358 Hom.
1787 2323 1820 2357 Ψ
1837 2323 1904 2358 269
1928 2324 2028 2357 τὰδὲ

439 2381 605 2415 τάλανταν
637 2386 694 2416 νῦν
729 2384 789 2427 μὲν
817 2374 1040 2429 ρκ’δραχμάς
1067 2385 1202 2424 (errore
1228 2392 1296 2425 pro
1322 2382 1446 2427 λίτρας)
1475 2383 1554 2427 ἔχει.
1674 2383 1696 2416 7
1730 2381 1834 2415 Haec
1863 2380 1960 2415 ratio
1993 2382 2029 2414 et

441 2438 539 2473 aliae
554 2449 650 2483 quas
664 2438 702 2472 in
716 2439 887 2483 margine
901 2438 1155 2473 indicavimus
1167 2441 1346 2473 accurate
1361 2438 1604 2473 conveniunt.
1622 2438 1670 2472 At
1684 2437 1767 2473 aliis
1781 2438 1882 2472 haud
1896 2436 2028 2482 paucis

437 2495 532 2530 locis
557 2495 726 2530 rationes
754 2499 819 2530 aut
845 2497 986 2531 omisso
1013 2507 1090 2531 uno
1115 2497 1176 2530 vel
1202 2496 1322 2531 altero
1349 2507 1396 2530 ex
1420 2496 1492 2531 illis
1517 2496 1636 2530 tribus
1671 2495 1837 2530 numeris
1861 2505 2025 2529 mancae

438 2555 528 2588 sunt
553 2555 640 2596 (not.
659 2553 713 2594 25)
742 2556 806 2587 aut
824 2553 1011 2588 erroribus
1037 2553 1098 2598 qui
1123 2553 1161 2588 in
1180 2554 1348 2588 numeris
1366 2553 1580 2588 incidendis
1605 2552 1799 2587 commissi
1816 2554 1925 2586 erant
1950 2553 2025 2586 tur-

437 2611 551 2645 batae
578 2613 667 2653 (not.
685 2611 752 2652 20).
861 2613 886 2645 8
912 2611 1007 2646 Pars
1024 2611 1221 2655 pecuniae,
1248 2622 1347 2656 quae
1372 2611 1556 2653 restabat,
1582 2609 1811 2652 Pausaniae,
1837 2619 1946 2653 quem
1967 2619 2026 2642 ar-

437 2667 649 2712 gentarium
683 2667 798 2702 fuisse
824 2668 973 2703 Franzii
998 2668 1219 2703 coniectura
1251 2671 1307 2703 est
1332 2678 1514 2712 perquam
1541 2666 1758 2711 probabilis,
1791 2665 2026 2701 asservanda

438 2725 659 2760 tradebatur
692 2725 779 2759 dum
815 2735 861 2760 ea
895 2735 992 2769 opus
1026 2728 1127 2760 esset
1161 2725 1209 2760 ad
1239 2727 1411 2769 sumptus
1444 2724 1688 2768 reipublicae.
1741 2723 1793 2758 Cf.
1819 2724 2024 2758 Francotte

437 2782 627 2818 Finances
661 2782 754 2817 cites
788 2793 838 2826 gr.
864 2782 964 2816 1392.
1081 2786 1106 2817 9
1139 2781 1369 2827 'Apatna-bozo&
1396 2782 1444 2824 F„
1478 2792 1555 2816 non
1584 2781 1629 2815 de
1655 2780 1892 2815 nobilissimo
1918 2781 2024 2815 fonte

436 2840 680 2884 Syracusano
705 2839 944 2884 intellegens,
970 2839 1037 2874 sed
1065 2839 1110 2874 de
1134 2840 1219 2874 loco
1240 2839 1432 2884 ceteroqui
1456 2838 1586 2883 ignoto
1606 2838 1686 2882 agri
1703 2837 2022 2873 Tauromenitani.

437 2897 488 2932 Cf.
516 2909 551 2931 n.
570 2897 637 2932 269
651 2896 691 2931 Κ
707 2894 930 2944 Ἐρεθουσίωι
954 2895 1140 2941 Μακεδόνι,
1174 2897 1354 2932 Ziebarth
1379 2896 1427 2930 IG
1445 2895 1506 2930 XII
1526 2896 1548 2930 9
1572 2907 1606 2940 p.
1626 2895 1755 2939 148155.
1883 2898 1933 2930 10
1955 2894 2023 2929 Ar-

436 2956 536 2990 chon
562 2954 724 2999 proximi
749 2956 837 2990 ante
863 2954 1137 2999 Apollodorum
1162 2953 1382 2998 Apollodori
1400 2953 1424 2988 f.
1443 2953 1536 2989 anni
1561 2955 1650 2997 (not.
1668 2953 1711 2997 1).

433 3069 491 3111 40
