2198 3522
361 281 462 318 1268.
1095 276 1218 313 Varia.
1240 327 1241 330 Ἴ
1848 274 1945 310 1113.

1301 335 1405 342 ...ὴ-»ψ

360 430 576 467 papyraceo
593 411 671 455 non'
688 419 814 455 minus
829 418 1014 461 mutilato,
1038 416 1138 463 quod
1153 416 1210 450 ed.
1223 413 1346 450 Vitelli
1363 414 1454 459 Pap.
1469 424 1520 460 gr.
1539 416 1576 450 et
1596 415 1661 450 lat.
1675 414 1706 449 Π
1723 413 1812 459 p.14
1829 425 1866 449 n.
1877 412 1946 448 120

361 478 502 522 (Pubbl.
522 477 554 511 d.
574 477 660 512 Soc.
678 477 719 512 It.
737 488 771 522 p.
789 477 828 512 la
844 476 908 511 ric.
927 477 960 511 d.
980 475 1071 518 Pap.
1097 472 1167 509 Fir.
1185 472 1298 514 1913).

451 538 484 573 8.
508 538 544 572 Μ
563 553 604 567 =
622 535 753 570 titulus
777 533 1110 578 Miletopolitanus.

451 602 555 637 Haec
586 600 776 644 exempla,
816 607 912 643 quae
948 596 997 631 ad
1031 594 1228 630 Sosiadem
1263 595 1458 628 auctorem
1491 592 1570 628 sive
1607 593 1853 628 collectorem
1888 603 1945 627 re-

361 661 542 703 feruntur,
574 657 680 693 nulla
710 654 938 700 sapientium
971 653 1205 697 singulorum
1239 650 1481 686 distinctione
1508 650 1637 685 omnia
1661 650 1845 695 Delphica
1872 650 1942 685 deo

361 717 569 753 attribuunt
602 716 761 759 (praeter
786 723 821 746 n.
839 712 870 754 7)
904 713 1019 755 atque
1050 709 1171 754 primo
1206 710 1410 753 praecepto
1431 703 1541 743 Ἕπου
1572 707 1656 742 θεῶι
1687 708 1798 743 deum
1824 718 1944 743 unum

361 777 574 821 agnoscunt
600 775 801 808 auctorem.
844 769 912 804 sed
936 767 1272 804 circumferebatur
1300 766 1402 801 aliud
1428 776 1493 810 per
1520 765 1784 810 antiquitatem
1806 776 1945 810 corpus

360 833 638 877 Desphicorum,
669 829 734 864 ubi
764 838 834 862 sua
868 826 1004 871 cuique
1038 825 1186 860 auctori
1210 824 1271 860 VII
1301 824 1533 868 sapientium
1562 822 1827 858 vindicabatur
1860 833 1946 858 sen-

361 891 491 926 tentia.
527 890 625 924 haec
648 886 758 930 igitur
776 883 905 920 studia
922 883 1031 928 quasi
1055 882 1247 923 historica,
1274 883 1474 925 postquam
1493 882 1630 924 poetae
1650 890 1694 914 ac
1711 881 1945 915 fabulatores

360 947 475 983 ionici
498 946 616 981 vitam
652 953 696 979 ac
729 941 956 986 sapientiam
982 941 1117 975 horum
1142 938 1372 984 sapientium
1399 937 1527 983 quinto
1554 938 1709 972 saeculo
1732 937 1771 973 in
1796 938 1945 983 publico

360 1005 568 1049 conspectu
592 1012 733 1046 ponere
760 1001 978 1044 coeperunt,
1006 998 1159 1033 exculta
1177 998 1267 1032 sunt
1285 1008 1308 1031 a
1325 995 1503 1040 sophistis
1521 995 1669 1037 (Critias
1686 995 1728 1030 fr.
1742 996 1761 1029 7
1780 996 1902 1031 Vors.3
1917 996 1948 1031 II

360 1063 438 1106 315,
455 1061 523 1105 28),
555 1061 771 1105 propagata
806 1057 942 1092 deinde
975 1067 997 1091 a
1021 1056 1191 1099 Platone,
1227 1054 1332 1089 cuius
1367 1053 1573 1089 auctoritas
1598 1052 1853 1097 septenarium
1879 1064 1946 1087 nu-

359 1129 505 1154 merum
540 1116 711 1152 definivit
742 1114 954 1160 Pittacique
990 1113 1131 1148 dictum
1167 1124 1189 1147 a
1221 1122 1335 1157 grege
1366 1110 1559 1156 separavit
1591 1110 1800 1145 secundum
1826 1111 1947 1145 Simo-

359 1176 485 1211 nidem
511 1176 679 1218 (Protag.
697 1173 766 1208 343
784 1173 835 1215 A).
878 1175 957 1206 tum
981 1172 1153 1215 Ephorus
1177 1170 1235 1205 his
1260 1180 1351 1204 usus
1380 1169 1425 1203 de
1454 1168 1609 1204 Chilone
1636 1168 1846 1213 ceterisque
1872 1168 1945 1203 dis-

359 1233 504 1278 putavit
525 1232 640 1276 (Diod.
659 1231 711 1266 IX
728 1232 813 1274 9)*).
852 1229 1074 1265 Aristoteles
1098 1227 1292 1273 popularis
1319 1226 1527 1271 sapientiae
1555 1225 1842 1261 amantissimus
1867 1237 1947 1261 non

360 1292 484 1326 solum
509 1291 590 1335 ipse
615 1290 713 1324 haec
739 1288 863 1324 studia
880 1287 1069 1332 promovit
1087 1286 1208 1329 (Rhet.
1226 1285 1257 1320 II
1274 1285 1317 1319 12
1337 1287 1374 1320 et
1392 1285 1433 1319 fr.
1451 1284 1496 1328 3),
1523 1283 1590 1318 sed
1609 1284 1723 1318 etiam
1743 1283 1947 1327 discipulos

361 1349 409 1384 ad
443 1347 655 1392 colligenda
688 1347 763 1381 ista
789 1346 1015 1381 adhortatus
1042 1354 1124 1379 esse
1149 1343 1308 1378 videtur.
1348 1342 1437 1377 hinc
1461 1342 1571 1387 igitur
1595 1341 1779 1386 originem
1805 1341 1944 1376 duxere

359 1407 536 1441 Demetrii
560 1404 734 1440 Phalerei
767 1402 1053 1445 commentaria,
1086 1401 1187 1436 unde
1220 1399 1404 1445 plurimae
1438 1399 1592 1444 eclogae
1624 1409 1743 1444 usque
1771 1399 1820 1434 ad
1847 1399 1944 1434 anti-

361 1464 515 1511 quitatis
541 1464 638 1498 fines
655 1462 974 1507 propagabantur.
1015 1459 1288 1495 Gravissimum
1309 1457 1522 1502 exemplum
1540 1457 1608 1491 sub
1627 1456 1733 1491 titulo
1753 1456 1828 1492 Τῶν
1855 1457 1941 1490 ἑπτὰ

361 1528 473 1568 σοφῶν
500 1521 750 1567 ἀποφθέγματα
776 1518 941 1554 servavit
959 1518 1061 1553 Stob.
1079 1517 1174 1561 1111,
1193 1516 1259 1551 172
1286 1519 1331 1559 (p.
1349 1515 1396 1549 III
1421 1515 1569 1557 Hense).
1609 1513 1790 1548 Demetrii
1815 1516 1942 1549 autern

361 1579 647 1622 commentaria,
679 1580 720 1612 ut
746 1576 866 1612 conici
892 1576 990 1620 licet,
1020 1575 1139 1610 multo
1165 1574 1340 1608 uberiora
1365 1572 1615 1617 speciosaque
1640 1571 1854 1606 eruditione
1880 1582 1942 1605 ex-

361 1637 485 1681 posita
516 1647 608 1670 num
634 1645 723 1680 pars
747 1635 886 1669 fuerint
910 1633 994 1668 libri
1018 1634 1150 1680 Χρειῶν
1175 1631 1289 1667 valde
1316 1630 1445 1666 dubito
1472 1630 1529 1672 (cf.
1555 1630 1704 1664 Brunco
1730 1629 1826 1664 Acta
1852 1640 1943 1664 sem.

362 1693 603 1735 Er1.111310).
644 1693 844 1727 innumera
878 1691 1054 1734 exempla
1078 1689 1345 1724 Demetrianae
1381 1688 1547 1732 sylloges
1572 1686 1709 1722 viritim
1743 1686 1947 1731 dispositae

362 1754 441 1786 tam
466 1761 607 1796 graeca
632 1761 746 1795 quam
772 1750 894 1784 latina
914 1759 993 1783 non
1011 1758 1227 1792 persequor,
1253 1757 1324 1781 nec
1341 1745 1594 1791 posteriorum
1612 1743 1946 1789 grammaticorum

362 1809 448 1844 inde
481 1810 597 1843 enata
630 1807 758 1842 studia
791 1809 832 1841 ut
857 1805 1059 1850 Symposia
1084 1804 1233 1849 Didymi
1261 1804 1322 1838 vel
1347 1802 1541 1838 Plutarchi
1564 1803 1626 1837 vel
1659 1802 1690 1837 si
1725 1801 1781 1837 dis
1817 1801 1943 1846 placet

363 1866 554 1902 Ciceronis
580 1865 647 1909 (ed.
665 1865 812 1900 Traube
837 1864 928 1899 Mus.
947 1864 1067 1898 Rhen.
1085 1863 1141 1907 47,
1163 1862 1264 1906 1892,
1286 1873 1320 1906 p.
1335 1861 1413 1904 566)
1440 1871 1564 1905 neque
1584 1860 1753 1895 Senecae
1781 1859 1942 1904 denique

363 1923 506 1958 Monita
532 1923 600 1967 (ed.
619 1925 731 1968 postr.
751 1922 899 1956 Brunco
927 1920 1121 1966 Bayreuth
1148 1919 1261 1961 1885).

454 1981 618 2015 Tantum
652 1982 804 2015 constat
833 1979 871 2014 in
903 1979 977 2014 hoc
1002 1977 1245 2013 Demetriano
1280 1987 1416 2021 genere
1448 1975 1611 2010 eandem
1636 1974 1713 2009 fere
1738 1974 1942 2009 materiam

363 2038 523 2073 inveniri
556 2049 654 2083 quae
686 2038 725 2072 in
759 2037 960 2080 Sosiadeo,
999 2038 1037 2070 at
1071 2035 1316 2071 coniunctam
1352 2033 1432 2078 hic,
1471 2032 1677 2077 separatim
1712 2031 1943 2077 singulisque

364 2095 596 2140 sapientibus
631 2095 790 2130 divisam
822 2094 907 2129 illic.
951 2093 1144 2139 quaeritur
1176 2092 1284 2136 igitur
1318 2101 1410 2126 num
1444 2091 1483 2125 in
1510 2089 1698 2125 Sosiadea
1728 2089 1944 2134 promiscua

363 2154 636 2188 sententiarum
663 2152 885 2187 collectione
910 2154 1014 2186 certa
1040 2150 1228 2195 quaedam
1255 2149 1449 2193 dispositio
1477 2149 1785 2192 argumentorum
1812 2147 1944 2191 dispici

363 2211 492 2255 possit.
532 2213 570 2245 at
595 2211 683 2246 talis
709 2210 801 2245 ordo
826 2211 978 2254 praeter
1006 2207 1153 2242 initium
1178 2217 1265 2241 raro
1292 2207 1461 2250 apparet.
1499 2205 1565 2240 sed
1591 2205 1764 2240 consulto
1790 2205 1943 2249 saepius

364 2269 475 2303 binae
506 2268 603 2302 inter
629 2279 668 2302 se
701 2267 915 2303 contrariae
942 2266 1154 2301 sententiae
1181 2266 1435 2309 opponuntur.
1472 2262 1577 2297 velut
1602 2263 1626 2298 S
1643 2263 1665 2297 9
1690 2267 1812 2309 γαμεῖν
1841 2263 1943 2307 μέλλε

363 2328 401 2360 et
431 2325 476 2360 10
506 2327 621 2372 καιρὸν
653 2325 771 2371 γνῶθι.
820 2324 960 2359 etenim
994 2322 1067 2357 nisi
1099 2323 1275 2357 laconica
1308 2322 1374 2356 illa
1406 2320 1584 2366 brevitas,
1617 2331 1730 2365 quam
1762 2320 1870 2355 Plato
1905 2319 1943 2354 in

363 2382 553 2427 Delphicis
581 2381 790 2417 admiratus
816 2383 883 2425 est,
907 2382 1067 2424 vetaret,
1100 2379 1300 2415 dicendum
1327 2381 1409 2414 erat
1442 2379 1546 2424 με’λλε
1578 2379 1638 2424 μὲν
1663 2382 1795 2424 γαμεῖν,
1824 2379 1881 2412 τὸν
1908 2379 1944 2412 δὲ

363 2441 478 2486 καιρὸν
508 2440 626 2487 γνῶθι.
669 2439 731 2474 vel
763 2438 872 2474 8103
906 2439 1068 2484 βουλεύου
1102 2439 1229 2486 χρόνιοι
1263 2436 1571 2481 coniungendum
1610 2445 1695 2470 cum
1728 2435 1794 2469 104
1819 2440 1943 2483 πρᾶττε

363 2498 546 2543 συντόμως,
573 2497 672 2542 quod
690 2507 791 2531 nunc
809 2495 1005 2531 Amenotis
1023 2496 1045 2530 3
1064 2496 1203 2542 βούλευε
1230 2497 1289 2540 μὲν
1314 2496 1454 2543 χρόνωι,
1482 2493 1629 2528 συντέλει
1655 2490 1679 2526 δ’
1701 2493 1749 2527 ὅτι
1775 2491 1813 2526 ἂν
1839 2493 1942 2539 πράτ-

363 2569 436 2602 τηις
468 2555 601 2602 ταχέως
634 2554 875 2589 confirmavit
904 2553 1179 2597 scrupulosque
1207 2552 1268 2597 qui
1293 2552 1338 2586 de
1364 2551 1526 2586 lectione
1552 2551 1587 2586 M
1606 2550 1697 2584 1112
1719 2549 1837 2593 fuere,
1871 2549 1943 2583 dis-

364 2612 512 2656 sipavit.
557 2611 791 2647 inconditam
824 2611 1024 2645 materiam
1061 2609 1228 2645 Sosiadis
1267 2609 1330 2654 qui
1369 2609 1458 2644 olim
1495 2607 1797 2652 perpendebant,
1835 2607 1945 2651 proni

363 2670 514 2705 fuerunt
548 2669 596 2704 ad
629 2671 794 2704 aetatem
829 2668 909 2702 eius
943 2678 1055 2712 quam
1089 2669 1261 2712 proximo
1292 2666 1494 2701 intervallo
1522 2676 1544 2700 a
1571 2664 1734 2700 Stobaeo
1761 2663 1942 2698 definien-

365 2727 461 2762 dam.
505 2737 607 2762 nunc
638 2726 762 2771 lapide
787 2726 823 2760 M
855 2725 1009 2760 invento
1044 2726 1149 2769 patet
1180 2725 1258 2758 fere
1294 2733 1496 2768 supparem
1531 2732 1616 2757 eum
1642 2732 1726 2756 esse
1751 2720 1940 2756 Demetrii.

457 2859 486 2901 *)
515 2860 654 2904 Quarto
686 2858 838 2893 saeculo
864 2857 1007 2892 Therae
1033 2857 1072 2891 in
1097 2857 1233 2902 lapide,
1267 2857 1329 2901 qui
1355 2855 1585 2900 epheborum
1611 2853 1800 2899 gymnasii
1824 2853 1940 2889 fuisse

365 2916 524 2960 videtur,
555 2915 766 2951 sententiae
791 2914 995 2958 inscriptae
1022 2917 1108 2949 sunt
1134 2915 1190 2957 (IG
1206 2913 1269 2948 XII
1287 2914 1318 2957 3,
1345 2905 1640 2959 1020);”Εγγ[ὒα·
1671 2912 1761 2956 πάρα
1787 2909 1810 2944 δ’
1832 2911 1938 2955 &tall

367 2974 554 3017 Σπ[ουὸαῖα
582 2974 706 3018 μελέτα
716 2974 757 3017 ‘?].
779 2974 783 3018 Ι
803 2972 922 3019 Μηδὲν
949 2973 1041 3019 ἄγαν.
1064 2973 1067 3017 Ι
1089 2971 1201 3007 Γνῶθι
1227 2972 1376 3006 σεαυτόν.
1426 2970 1492 3014 [Hi]

366 3087 450 3128 394
