<?xml version="1.0" encoding="UTF-8"?>
<!DOCTYPE html PUBLIC "-//W3C//DTD XHTML 1.0 Transitional//EN"
    "http://www.w3.org/TR/xhtml1/DTD/xhtml1-transitional.dtd">
<html xmlns="http://www.w3.org/1999/xhtml" xml:lang="en" lang="en">
 <head>
  <title>
</title>
<meta http-equiv="Content-Type" content="text/html;charset=utf-8" />
  <meta name='ocr-system' content='tesseract 3.04.00' />
  <meta name='ocr-capabilities' content='ocr_page ocr_carea ocr_par ocr_line ocrx_word'/>
</head>
<body>
  <div class='ocr_page' id='page_1' title='image "./syllogeinscripti03dittuoft/syllogeinscripti03dittuoft_0403.png"; bbox 0 0 2198 3522; ppageno 0'>
   <div class='ocr_carea' id='block_1_1' title="bbox 261 305 1841 350">
    <p class='ocr_par' dir='ltr' id='par_1_1' title="bbox 261 305 1841 350">
     <span class='ocr_line' id='line_1_1' title="bbox 261 305 1841 350; baseline 0.003 -8"><span class='ocrx_word' id='word_1_1' title='bbox 261 306 363 342; x_wconf 79' lang='lat'>1268.</span> <span class='ocrx_word' id='word_1_2' title='bbox 837 305 1047 350; x_wconf 85' lang='lat' dir='ltr'>Praecepta</span> <span class='ocrx_word' id='word_1_3' title='bbox 1070 305 1264 350; x_wconf 84' lang='lat' dir='ltr'>Delphica.</span> <span class='ocrx_word' id='word_1_4' title='bbox 1746 309 1793 345; x_wconf 89' lang='lat'>111</span> <span class='ocrx_word' id='word_1_5' title='bbox 1808 310 1841 347; x_wconf 88' lang='grc'>3.</span> 
     </span>
    </p>
   </div>
   <div class='ocr_carea' id='block_1_2' title="bbox 1634 371 1838 376">
    <p class='ocr_par' dir='ltr' id='par_1_2' title="bbox 1634 371 1838 376">
     <span class='ocr_line' id='line_1_2' title="bbox 1634 371 1838 376; baseline 0 0"><span class='ocrx_word' id='word_1_6' title='bbox 1634 371 1838 376; x_wconf 95' lang='lat' dir='ltr'> </span> 
     </span>
    </p>
   </div>
   <div class='ocr_carea' id='block_1_3' title="bbox 233 443 1844 2392">
    <p class='ocr_par' dir='ltr' id='par_1_3' title="bbox 233 443 1844 2392">
     <span class='ocr_line' id='line_1_3' title="bbox 260 443 1843 491; baseline 0.001 -10"><span class='ocrx_word' id='word_1_7' title='bbox 260 455 381 491; x_wconf 88' lang='lat' dir='ltr'>neque</span> <span class='ocrx_word' id='word_1_8' title='bbox 414 444 692 481; x_wconf 86' lang='lat' dir='ltr'>sententiarum</span> <span class='ocrx_word' id='word_1_9' title='bbox 724 445 816 480; x_wconf 91' lang='lat' dir='ltr'>ordo</span> <span class='ocrx_word' id='word_1_10' title='bbox 849 445 887 480; x_wconf 91' lang='lat' dir='ltr'>in</span> <span class='ocrx_word' id='word_1_11' title='bbox 921 445 1093 489; x_wconf 85' lang='lat' dir='ltr'>exemplo</span> <span class='ocrx_word' id='word_1_12' title='bbox 1123 443 1425 490; x_wconf 88' lang='lat' dir='ltr'>Miletopolitano</span> <span class='ocrx_word' id='word_1_13' title='bbox 1454 446 1501 481; x_wconf 93' lang='lat' dir='ltr'>III</span> <span class='ocrx_word' id='word_1_14' title='bbox 1531 457 1563 482; x_wconf 89' lang='lat' dir='ltr'>a.</span> <span class='ocrx_word' id='word_1_15' title='bbox 1584 447 1665 484; x_wconf 87' lang='lat' dir='ltr'>Chr.</span> <span class='ocrx_word' id='word_1_16' title='bbox 1698 449 1843 483; x_wconf 89' lang='lat' dir='ltr'>saeculi</span> 
     </span>
     <span class='ocr_line' id='line_1_4' title="bbox 259 501 1842 550; baseline 0.002 -12"><span class='ocrx_word' id='word_1_17' title='bbox 259 504 379 538; x_wconf 88' lang='lat' dir='ltr'>multo</span> <span class='ocrx_word' id='word_1_18' title='bbox 404 502 536 538; x_wconf 89' lang='lat' dir='ltr'>melior</span> <span class='ocrx_word' id='word_1_19' title='bbox 561 504 620 537; x_wconf 89' lang='lat' dir='ltr'>est</span> <span class='ocrx_word' id='word_1_20' title='bbox 645 512 758 547; x_wconf 86' lang='lat' dir='ltr'>quarn</span> <span class='ocrx_word' id='word_1_21' title='bbox 784 503 823 538; x_wconf 90' lang='lat' dir='ltr'>in</span> <span class='ocrx_word' id='word_1_22' title='bbox 846 503 1066 538; x_wconf 86' lang='lat' dir='ltr'>Stobaeano</span> <span class='ocrx_word' id='word_1_23' title='bbox 1093 501 1314 547; x_wconf 87' lang='lat' dir='ltr'>ceterisque.</span> <span class='ocrx_word' id='word_1_24' title='bbox 1351 505 1480 538; x_wconf 87' lang='lat' dir='ltr'>tamen</span> <span class='ocrx_word' id='word_1_25' title='bbox 1505 504 1566 539; x_wconf 88' lang='lat' dir='ltr'>hic</span> <span class='ocrx_word' id='word_1_26' title='bbox 1592 516 1740 550; x_wconf 89' lang='lat' dir='ltr'>quoque</span> <span class='ocrx_word' id='word_1_27' title='bbox 1766 516 1842 541; x_wconf 89' lang='lat' dir='ltr'>ser-</span> 
     </span>
     <span class='ocr_line' id='line_1_5' title="bbox 259 559 1840 605; baseline 0.001 -9"><span class='ocrx_word' id='word_1_28' title='bbox 259 563 398 596; x_wconf 85' lang='lat' dir='ltr'>vantur</span> <span class='ocrx_word' id='word_1_29' title='bbox 431 560 569 596; x_wconf 88' lang='lat' dir='ltr'>alicubi</span> <span class='ocrx_word' id='word_1_30' title='bbox 601 560 698 596; x_wconf 91' lang='lat' dir='ltr'>istae</span> <span class='ocrx_word' id='word_1_31' title='bbox 729 560 840 605; x_wconf 86' lang='lat' dir='ltr'>bigae</span> <span class='ocrx_word' id='word_1_32' title='bbox 872 560 1131 605; x_wconf 87' lang='lat' dir='ltr'>oppositarum</span> <span class='ocrx_word' id='word_1_33' title='bbox 1166 559 1442 595; x_wconf 87' lang='lat' dir='ltr'>sententiarum</span> <span class='ocrx_word' id='word_1_34' title='bbox 1476 561 1506 597; x_wconf 90' lang='lat'>11</span> <span class='ocrx_word' id='word_1_35' title='bbox 1529 563 1583 597; x_wconf 87' lang='lat'>11.</span> <span class='ocrx_word' id='word_1_36' title='bbox 1608 562 1651 597; x_wconf 84' lang='lat'>12</span> <span class='ocrx_word' id='word_1_37' title='bbox 1677 565 1714 598; x_wconf 88' lang='lat' dir='ltr'>et</span> <span class='ocrx_word' id='word_1_38' title='bbox 1739 563 1802 598; x_wconf 88' lang='lat'>16.</span> <span class='ocrx_word' id='word_1_39' title='bbox 1821 563 1840 597; x_wconf 86' lang='lat'><strong>7</strong></span> 
     </span>
     <span class='ocr_line' id='line_1_6' title="bbox 260 617 1841 663; baseline 0.001 -10"><span class='ocrx_word' id='word_1_40' title='bbox 260 621 298 653; x_wconf 87' lang='lat' dir='ltr'>et</span> <span class='ocrx_word' id='word_1_41' title='bbox 323 619 376 654; x_wconf 88' lang='lat'>19.</span> <span class='ocrx_word' id='word_1_42' title='bbox 395 618 448 654; x_wconf 87' lang='grc'>20.</span> <span class='ocrx_word' id='word_1_43' title='bbox 485 618 562 653; x_wconf 85' lang='lat' dir='ltr'>iam</span> <span class='ocrx_word' id='word_1_44' title='bbox 587 617 704 662; x_wconf 88' lang='lat' dir='ltr'>igitur</span> <span class='ocrx_word' id='word_1_45' title='bbox 728 617 900 663; x_wconf 84' lang='lat' dir='ltr'><strong>quaestio</strong></span> <span class='ocrx_word' id='word_1_46' title='bbox 924 618 990 653; x_wconf 88' lang='lat' dir='ltr'>illa</span> <span class='ocrx_word' id='word_1_47' title='bbox 1016 617 1129 652; x_wconf 88' lang='lat' dir='ltr'>altius</span> <span class='ocrx_word' id='word_1_48' title='bbox 1153 618 1363 662; x_wconf 87' lang='lat' dir='ltr'>repetenda</span> <span class='ocrx_word' id='word_1_49' title='bbox 1388 620 1455 653; x_wconf 92' lang='lat' dir='ltr'>est.</span> <span class='ocrx_word' id='word_1_50' title='bbox 1493 630 1621 654; x_wconf 89' lang='lat' dir='ltr'>nonne</span> <span class='ocrx_word' id='word_1_51' title='bbox 1645 620 1683 654; x_wconf 89' lang='lat' dir='ltr'>in</span> <span class='ocrx_word' id='word_1_52' title='bbox 1710 620 1841 655; x_wconf 85' lang='lat' dir='ltr'>arche-</span> 
     </span>
     <span class='ocr_line' id='line_1_7' title="bbox 259 675 1842 721; baseline 0.001 -10"><span class='ocrx_word' id='word_1_53' title='bbox 259 679 349 721; x_wconf 78' lang='lat' dir='ltr'>typo</span> <span class='ocrx_word' id='word_1_54' title='bbox 380 675 516 711; x_wconf 88' lang='lat' dir='ltr'>harum</span> <span class='ocrx_word' id='word_1_55' title='bbox 548 675 778 720; x_wconf 84' lang='lat' dir='ltr'>syllogarum</span> <span class='ocrx_word' id='word_1_56' title='bbox 812 677 870 711; x_wconf 89' lang='lat' dir='ltr'>i.e.</span> <span class='ocrx_word' id='word_1_57' title='bbox 895 675 934 710; x_wconf 89' lang='lat' dir='ltr'>in</span> <span class='ocrx_word' id='word_1_58' title='bbox 964 675 1049 720; x_wconf 87' lang='lat' dir='ltr'>ipsa</span> <span class='ocrx_word' id='word_1_59' title='bbox 1073 675 1259 719; x_wconf 89' lang='lat' dir='ltr'>Delphica</span> <span class='ocrx_word' id='word_1_60' title='bbox 1285 676 1464 711; x_wconf 87' lang='lat' dir='ltr'>columna</span> <span class='ocrx_word' id='word_1_61' title='bbox 1488 676 1565 711; x_wconf 89' lang='lat' dir='ltr'>iam</span> <span class='ocrx_word' id='word_1_62' title='bbox 1590 677 1745 713; x_wconf 90' lang='lat' dir='ltr'>fortuita</span> <span class='ocrx_word' id='word_1_63' title='bbox 1769 678 1842 713; x_wconf 88' lang='lat' dir='ltr'>ista</span> 
     </span>
     <span class='ocr_line' id='line_1_8' title="bbox 260 732 1843 779; baseline 0.002 -11"><span class='ocrx_word' id='word_1_64' title='bbox 260 733 402 768; x_wconf 85' lang='lat' dir='ltr'>ordinis</span> <span class='ocrx_word' id='word_1_65' title='bbox 426 732 522 767; x_wconf 89' lang='lat' dir='ltr'>ratio</span> <span class='ocrx_word' id='word_1_66' title='bbox 549 732 642 767; x_wconf 76' lang='lat' dir='ltr'>fuit?</span> <span class='ocrx_word' id='word_1_67' title='bbox 683 733 792 768; x_wconf 84' lang='lat' dir='ltr'>Plato</span> <span class='ocrx_word' id='word_1_68' title='bbox 820 732 971 778; x_wconf 89' lang='lat' dir='ltr'>quidem</span> <span class='ocrx_word' id='word_1_69' title='bbox 998 732 1100 778; x_wconf 90' lang='lat' dir='ltr'>quod</span> <span class='ocrx_word' id='word_1_70' title='bbox 1124 743 1192 777; x_wconf 91' lang='lat' dir='ltr'>per</span> <span class='ocrx_word' id='word_1_71' title='bbox 1216 744 1257 768; x_wconf 87' lang='lat' dir='ltr'>se</span> <span class='ocrx_word' id='word_1_72' title='bbox 1282 732 1451 779; x_wconf 80' lang='lat' dir='ltr'>intellegi</span> <span class='ocrx_word' id='word_1_73' title='bbox 1474 736 1609 778; x_wconf 87' lang='lat' dir='ltr'>potest,</span> <span class='ocrx_word' id='word_1_74' title='bbox 1639 736 1843 771; x_wconf 88' lang='lat' dir='ltr'>confirmat</span> 
     </span>
     <span class='ocr_line' id='line_1_9' title="bbox 259 790 1844 838; baseline 0.002 -13"><span class='ocrx_word' id='word_1_75' title='bbox 259 791 308 833; x_wconf 87' lang='lat' dir='ltr'>(in</span> <span class='ocrx_word' id='word_1_76' title='bbox 335 790 484 826; x_wconf 87' lang='lat' dir='ltr'>Charm.</span> <span class='ocrx_word' id='word_1_77' title='bbox 510 802 545 835; x_wconf 87' lang='lat' dir='ltr'>p.</span> <span class='ocrx_word' id='word_1_78' title='bbox 564 791 632 825; x_wconf 83' lang='grc'>165</span> <span class='ocrx_word' id='word_1_79' title='bbox 648 790 680 824; x_wconf 88' lang='grc' dir='ltr'><strong>Α</strong></span> <span class='ocrx_word' id='word_1_80' title='bbox 715 792 746 825; x_wconf 85' lang='grc' dir='ltr'>οἱ</span> <span class='ocrx_word' id='word_1_81' title='bbox 774 791 817 826; x_wconf 81' lang='grc' dir='ltr'>τὰ</span> <span class='ocrx_word' id='word_1_82' title='bbox 842 791 977 838; x_wconf 72' lang='grc' dir='ltr'>ὕστερον</span> <span class='ocrx_word' id='word_1_83' title='bbox 1002 791 1187 837; x_wconf 74' lang='grc' dir='ltr'>γράμματα</span> <span class='ocrx_word' id='word_1_84' title='bbox 1212 791 1404 833; x_wconf 72' lang='grc' dir='ltr'>ἀναθέντες)</span> <span class='ocrx_word' id='word_1_85' title='bbox 1431 791 1625 836; x_wconf 80' lang='lat' dir='ltr'>sapientes</span> <span class='ocrx_word' id='word_1_86' title='bbox 1648 791 1733 827; x_wconf 78' lang='lat' dir='ltr'>illos</span> <span class='ocrx_word' id='word_1_87' title='bbox 1757 796 1844 837; x_wconf 75' lang='lat' dir='ltr'>post</span> 
     </span>
     <span class='ocr_line' id='line_1_10' title="bbox 259 847 1843 896; baseline 0.001 -14"><span class='ocrx_word' id='word_1_88' title='bbox 259 847 540 883; x_wconf 88' lang='lat' dir='ltr'>sanctissimum</span> <span class='ocrx_word' id='word_1_89' title='bbox 564 848 658 883; x_wconf 90' lang='lat' dir='ltr'>illud</span> <span class='ocrx_word' id='word_1_90' title='bbox 677 847 788 883; x_wconf 74' lang='grc' dir='ltr'>Γνῶθι</span> <span class='ocrx_word' id='word_1_91' title='bbox 814 849 952 883; x_wconf 77' lang='grc' dir='ltr'>σεαυτόν</span> <span class='ocrx_word' id='word_1_92' title='bbox 980 847 1159 892; x_wconf 84' lang='lat' dir='ltr'>deinceps</span> <span class='ocrx_word' id='word_1_93' title='bbox 1187 848 1261 883; x_wconf 87' lang='lat' dir='ltr'>alia</span> <span class='ocrx_word' id='word_1_94' title='bbox 1285 849 1388 884; x_wconf 88' lang='lat' dir='ltr'>velut</span> <span class='ocrx_word' id='word_1_95' title='bbox 1411 850 1448 883; x_wconf 80' lang='grc' dir='ltr'>τό</span> <span class='ocrx_word' id='word_1_96' title='bbox 1476 863 1512 883; x_wconf 81' lang='grc' dir='ltr'>τε</span> <span class='ocrx_word' id='word_1_97' title='bbox 1532 848 1652 895; x_wconf 70' lang='grc' dir='ltr'>Μηδὲν</span> <span class='ocrx_word' id='word_1_98' title='bbox 1678 851 1760 896; x_wconf 78' lang='grc' dir='ltr'>ἄγαν</span> <span class='ocrx_word' id='word_1_99' title='bbox 1786 852 1843 885; x_wconf 73' lang='grc' dir='ltr'>καὶ</span> 
     </span>
     <span class='ocr_line' id='line_1_11' title="bbox 258 904 1843 952; baseline 0.003 -13"><span class='ocrx_word' id='word_1_100' title='bbox 258 908 295 940; x_wconf 80' lang='grc' dir='ltr'>τὸ</span> <span class='ocrx_word' id='word_1_101' title='bbox 312 904 447 952; x_wconf 77' lang='grc' dir='ltr'>Ἐγγύη,</span> <span class='ocrx_word' id='word_1_102' title='bbox 465 907 556 952; x_wconf 75' lang='grc' dir='ltr'>πάρα</span> <span class='ocrx_word' id='word_1_103' title='bbox 575 906 600 939; x_wconf 73' lang='grc' dir='ltr'>δ’</span> <span class='ocrx_word' id='word_1_104' title='bbox 615 906 679 952; x_wconf 80' lang='grc' dir='ltr'>ἄτη</span> <span class='ocrx_word' id='word_1_105' title='bbox 700 905 903 941; x_wconf 84' lang='lat' dir='ltr'>addidisse.</span> <span class='ocrx_word' id='word_1_106' title='bbox 935 915 980 940; x_wconf 87' lang='lat' dir='ltr'>ac</span> <span class='ocrx_word' id='word_1_107' title='bbox 997 905 1085 940; x_wconf 85' lang='lat' dir='ltr'>licet</span> <span class='ocrx_word' id='word_1_108' title='bbox 1101 906 1287 950; x_wconf 87' lang='lat' dir='ltr'>suspicari</span> <span class='ocrx_word' id='word_1_109' title='bbox 1303 907 1445 941; x_wconf 88' lang='lat' dir='ltr'>multos</span> <span class='ocrx_word' id='word_1_110' title='bbox 1465 907 1559 942; x_wconf 88' lang='lat' dir='ltr'>alios</span> <span class='ocrx_word' id='word_1_111' title='bbox 1577 910 1665 952; x_wconf 90' lang='lat' dir='ltr'>post</span> <span class='ocrx_word' id='word_1_112' title='bbox 1682 908 1745 943; x_wconf 90' lang='lat' dir='ltr'>VII</span> <span class='ocrx_word' id='word_1_113' title='bbox 1760 907 1843 943; x_wconf 91' lang='lat' dir='ltr'>illos</span> 
     </span>
     <span class='ocr_line' id='line_1_12' title="bbox 260 963 1842 1009; baseline 0.002 -11"><span class='ocrx_word' id='word_1_114' title='bbox 260 963 453 998; x_wconf 89' lang='lat' dir='ltr'>fabulares</span> <span class='ocrx_word' id='word_1_115' title='bbox 478 974 589 999; x_wconf 88' lang='lat' dir='ltr'>senes</span> <span class='ocrx_word' id='word_1_116' title='bbox 615 964 720 1008; x_wconf 91' lang='lat' dir='ltr'>operi</span> <span class='ocrx_word' id='word_1_117' title='bbox 744 964 818 998; x_wconf 87' lang='lat' dir='ltr'>hoc</span> <span class='ocrx_word' id='word_1_118' title='bbox 843 963 987 1008; x_wconf 89' lang='lat' dir='ltr'>gloriae</span> <span class='ocrx_word' id='word_1_119' title='bbox 1012 966 1050 999; x_wconf 89' lang='lat' dir='ltr'>et</span> <span class='ocrx_word' id='word_1_120' title='bbox 1075 964 1341 999; x_wconf 81' lang='lat' dir='ltr'>ostentationis</span> <span class='ocrx_word' id='word_1_121' title='bbox 1365 964 1480 1008; x_wconf 88' lang='lat' dir='ltr'>pleno</span> <span class='ocrx_word' id='word_1_122' title='bbox 1506 975 1662 1009; x_wconf 84' lang='lat' dir='ltr'>operam</span> <span class='ocrx_word' id='word_1_123' title='bbox 1682 965 1842 1001; x_wconf 86' lang='lat' dir='ltr'>dedisse.</span> 
     </span>
     <span class='ocr_line' id='line_1_13' title="bbox 258 1020 1842 1068; baseline 0.001 -11"><span class='ocrx_word' id='word_1_124' title='bbox 258 1021 291 1057; x_wconf 90' lang='lat' dir='ltr'>si</span> <span class='ocrx_word' id='word_1_125' title='bbox 327 1020 408 1066; x_wconf 89' lang='lat' dir='ltr'>quis</span> <span class='ocrx_word' id='word_1_126' title='bbox 442 1022 674 1057; x_wconf 83' lang='lat' dir='ltr'>sententiam</span> <span class='ocrx_word' id='word_1_127' title='bbox 710 1021 873 1056; x_wconf 88' lang='lat' dir='ltr'>breviter</span> <span class='ocrx_word' id='word_1_128' title='bbox 910 1032 955 1056; x_wconf 86' lang='lat' dir='ltr'>ac</span> <span class='ocrx_word' id='word_1_129' title='bbox 993 1021 1085 1057; x_wconf 90' lang='lat' dir='ltr'>scite</span> <span class='ocrx_word' id='word_1_130' title='bbox 1124 1032 1343 1066; x_wconf 85' lang='lat' dir='ltr'>expressam</span> <span class='ocrx_word' id='word_1_131' title='bbox 1382 1023 1667 1067; x_wconf 83' lang='lat' dir='ltr'>excogitaverat</span> <span class='ocrx_word' id='word_1_132' title='bbox 1701 1026 1842 1068; x_wconf 88' lang='lat' dir='ltr'>quanto</span> 
     </span>
     <span class='ocr_line' id='line_1_14' title="bbox 259 1079 1844 1125; baseline 0.002 -12"><span class='ocrx_word' id='word_1_133' title='bbox 259 1079 398 1124; x_wconf 90' lang='lat' dir='ltr'>gaudio</span> <span class='ocrx_word' id='word_1_134' title='bbox 431 1081 546 1125; x_wconf 87' lang='lat' dir='ltr'>putas</span> <span class='ocrx_word' id='word_1_135' title='bbox 580 1090 667 1114; x_wconf 90' lang='lat' dir='ltr'>eum</span> <span class='ocrx_word' id='word_1_136' title='bbox 703 1079 845 1114; x_wconf 88' lang='lat' dir='ltr'>elatum</span> <span class='ocrx_word' id='word_1_137' title='bbox 879 1089 974 1123; x_wconf 81' lang='lat' dir='ltr'>esse,</span> <span class='ocrx_word' id='word_1_138' title='bbox 1007 1079 1038 1114; x_wconf 94' lang='lat' dir='ltr'>si</span> <span class='ocrx_word' id='word_1_139' title='bbox 1062 1079 1292 1124; x_wconf 86' lang='lat' dir='ltr'>Delphorum</span> <span class='ocrx_word' id='word_1_140' title='bbox 1324 1080 1567 1124; x_wconf 85' lang='lat' dir='ltr'>magistratus</span> <span class='ocrx_word' id='word_1_141' title='bbox 1603 1084 1844 1116; x_wconf 87' lang='lat' dir='ltr'>concesserat</span> 
     </span>
     <span class='ocr_line' id='line_1_15' title="bbox 258 1136 1843 1183; baseline 0.001 -12"><span class='ocrx_word' id='word_1_142' title='bbox 258 1136 404 1171; x_wconf 86' lang='lat' dir='ltr'>litteras</span> <span class='ocrx_word' id='word_1_143' title='bbox 437 1136 516 1171; x_wconf 82' lang='lat' dir='ltr'>sive</span> <span class='ocrx_word' id='word_1_144' title='bbox 549 1147 686 1171; x_wconf 86' lang='lat' dir='ltr'>aureas</span> <span class='ocrx_word' id='word_1_145' title='bbox 713 1136 817 1179; x_wconf 92' lang='lat' dir='ltr'>(Plin.</span> <span class='ocrx_word' id='word_1_146' title='bbox 837 1136 880 1171; x_wconf 88' lang='lat' dir='ltr'>N.</span> <span class='ocrx_word' id='word_1_147' title='bbox 898 1136 940 1171; x_wconf 90' lang='lat' dir='ltr'>H.</span> <span class='ocrx_word' id='word_1_148' title='bbox 959 1136 1038 1172; x_wconf 89' lang='lat' dir='ltr'>VIII</span> <span class='ocrx_word' id='word_1_149' title='bbox 1055 1137 1133 1179; x_wconf 88' lang='lat'>119)</span> <span class='ocrx_word' id='word_1_150' title='bbox 1165 1137 1243 1171; x_wconf 88' lang='lat' dir='ltr'>sive</span> <span class='ocrx_word' id='word_1_151' title='bbox 1270 1147 1412 1172; x_wconf 85' lang='lat' dir='ltr'>aeneas</span> <span class='ocrx_word' id='word_1_152' title='bbox 1437 1137 1547 1182; x_wconf 87' lang='lat' dir='ltr'>quasi</span> <span class='ocrx_word' id='word_1_153' title='bbox 1571 1138 1608 1172; x_wconf 88' lang='lat' dir='ltr'>in</span> <span class='ocrx_word' id='word_1_154' title='bbox 1636 1141 1843 1183; x_wconf 86' lang='lat' dir='ltr'>conspectu</span> 
     </span>
     <span class='ocr_line' id='line_1_16' title="bbox 259 1193 1843 1243; baseline 0.001 -14"><span class='ocrx_word' id='word_1_155' title='bbox 259 1195 373 1230; x_wconf 86' lang='lat' dir='ltr'>totius</span> <span class='ocrx_word' id='word_1_156' title='bbox 406 1194 591 1230; x_wconf 86' lang='lat' dir='ltr'>Graeciae</span> <span class='ocrx_word' id='word_1_157' title='bbox 625 1193 813 1229; x_wconf 85' lang='lat' dir='ltr'>dedicare.</span> <span class='ocrx_word' id='word_1_158' title='bbox 859 1193 911 1229; x_wconf 86' lang='lat' dir='ltr'>sic</span> <span class='ocrx_word' id='word_1_159' title='bbox 941 1193 1013 1239; x_wconf 92' lang='lat' dir='ltr'>ipsi</span> <span class='ocrx_word' id='word_1_160' title='bbox 1043 1195 1237 1239; x_wconf 85' lang='lat' dir='ltr'>sapientes</span> <span class='ocrx_word' id='word_1_161' title='bbox 1271 1195 1442 1243; x_wconf 73' lang='grc' dir='ltr'>ἀπαρχήν,</span> <span class='ocrx_word' id='word_1_162' title='bbox 1476 1196 1598 1241; x_wconf 89' lang='lat' dir='ltr'>inquit</span> <span class='ocrx_word' id='word_1_163' title='bbox 1629 1196 1752 1240; x_wconf 90' lang='lat' dir='ltr'>Plato,</span> <span class='ocrx_word' id='word_1_164' title='bbox 1782 1202 1843 1243; x_wconf 78' lang='grc' dir='ltr'>τῆς</span> 
     </span>
     <span class='ocr_line' id='line_1_17' title="bbox 259 1249 1844 1297; baseline 0.002 -11"><span class='ocrx_word' id='word_1_165' title='bbox 259 1252 377 1297; x_wconf 70' lang='grc' dir='ltr'>σοφίας</span> <span class='ocrx_word' id='word_1_166' title='bbox 411 1252 575 1287; x_wconf 74' lang='grc' dir='ltr'>ἀνέθεσαν</span> <span class='ocrx_word' id='word_1_167' title='bbox 600 1258 661 1286; x_wconf 78' lang='grc' dir='ltr'>τῶι</span> <span class='ocrx_word' id='word_1_168' title='bbox 685 1249 879 1287; x_wconf 78' lang='grc' dir='ltr'>Ἀπόλλωνι.</span> <span class='ocrx_word' id='word_1_169' title='bbox 917 1251 1094 1286; x_wconf 91' lang='lat' dir='ltr'>nimirum</span> <span class='ocrx_word' id='word_1_170' title='bbox 1126 1255 1169 1287; x_wconf 92' lang='lat' dir='ltr'>ut</span> <span class='ocrx_word' id='word_1_171' title='bbox 1204 1252 1368 1297; x_wconf 83' lang='lat' dir='ltr'>antiquis</span> <span class='ocrx_word' id='word_1_172' title='bbox 1393 1253 1628 1297; x_wconf 86' lang='lat' dir='ltr'>temporibus</span> <span class='ocrx_word' id='word_1_173' title='bbox 1653 1253 1844 1289; x_wconf 85' lang='lat' dir='ltr'>cavebant</span> 
     </span>
     <span class='ocr_line' id='line_1_18' title="bbox 253 1309 1843 1354; baseline 0.001 -9"><span class='ocrx_word' id='word_1_174' title='bbox 253 1309 495 1353; x_wconf 82' lang='lat' dir='ltr'>sacerdotes,</span> <span class='ocrx_word' id='word_1_175' title='bbox 527 1320 576 1344; x_wconf 90' lang='lat' dir='ltr'>ne</span> <span class='ocrx_word' id='word_1_176' title='bbox 608 1309 764 1344; x_wconf 87' lang='lat' dir='ltr'>illicitae</span> <span class='ocrx_word' id='word_1_177' title='bbox 795 1309 857 1344; x_wconf 87' lang='lat' dir='ltr'>vel</span> <span class='ocrx_word' id='word_1_178' title='bbox 888 1309 1111 1354; x_wconf 86' lang='lat' dir='ltr'>ignobilium</span> <span class='ocrx_word' id='word_1_179' title='bbox 1143 1310 1293 1345; x_wconf 87' lang='lat' dir='ltr'>litterae</span> <span class='ocrx_word' id='word_1_180' title='bbox 1327 1311 1446 1345; x_wconf 87' lang='lat' dir='ltr'>sacris</span> <span class='ocrx_word' id='word_1_181' title='bbox 1480 1311 1573 1346; x_wconf 90' lang='lat' dir='ltr'>locis</span> <span class='ocrx_word' id='word_1_182' title='bbox 1604 1310 1843 1347; x_wconf 89' lang='lat' dir='ltr'>illinerentur</span> 
     </span>
     <span class='ocr_line' id='line_1_19' title="bbox 255 1366 1843 1413; baseline 0.001 -12"><span class='ocrx_word' id='word_1_183' title='bbox 255 1367 312 1408; x_wconf 80' lang='lat' dir='ltr'>(cf.</span> <span class='ocrx_word' id='word_1_184' title='bbox 331 1367 468 1402; x_wconf 89' lang='lat' dir='ltr'>Herod.</span> <span class='ocrx_word' id='word_1_185' title='bbox 487 1367 586 1411; x_wconf 76' lang='lat'>151),</span> <span class='ocrx_word' id='word_1_186' title='bbox 612 1367 666 1402; x_wconf 88' lang='lat' dir='ltr'>ita</span> <span class='ocrx_word' id='word_1_187' title='bbox 690 1377 781 1401; x_wconf 84' lang='lat' dir='ltr'>mox</span> <span class='ocrx_word' id='word_1_188' title='bbox 804 1366 959 1401; x_wconf 88' lang='lat' dir='ltr'>labente</span> <span class='ocrx_word' id='word_1_189' title='bbox 987 1367 1132 1402; x_wconf 83' lang='lat' dir='ltr'>oraculi</span> <span class='ocrx_word' id='word_1_190' title='bbox 1155 1367 1382 1403; x_wconf 85' lang='lat' dir='ltr'>auctoritate</span> <span class='ocrx_word' id='word_1_191' title='bbox 1401 1371 1437 1403; x_wconf 90' lang='lat' dir='ltr'>et</span> <span class='ocrx_word' id='word_1_192' title='bbox 1453 1368 1716 1413; x_wconf 89' lang='lat' dir='ltr'>ingruentibus</span> <span class='ocrx_word' id='word_1_193' title='bbox 1733 1368 1843 1404; x_wconf 86' lang='lat' dir='ltr'>bellis</span> 
     </span>
     <span class='ocr_line' id='line_1_20' title="bbox 233 1424 1841 1470; baseline 0.001 -11"><span class='ocrx_word' id='word_1_194' title='bbox 233 1425 435 1460; x_wconf 82' lang='lat' dir='ltr'>·laxiorem</span> <span class='ocrx_word' id='word_1_195' title='bbox 466 1424 653 1460; x_wconf 85' lang='lat' dir='ltr'>invasisse</span> <span class='ocrx_word' id='word_1_196' title='bbox 686 1435 830 1460; x_wconf 88' lang='lat' dir='ltr'>morem</span> <span class='ocrx_word' id='word_1_197' title='bbox 864 1424 1051 1460; x_wconf 89' lang='lat' dir='ltr'>credibile.</span> <span class='ocrx_word' id='word_1_198' title='bbox 1093 1425 1196 1460; x_wconf 91' lang='lat' dir='ltr'>unde</span> <span class='ocrx_word' id='word_1_199' title='bbox 1227 1425 1362 1461; x_wconf 88' lang='lat' dir='ltr'>miram</span> <span class='ocrx_word' id='word_1_200' title='bbox 1388 1428 1680 1470; x_wconf 89' lang='lat' dir='ltr'>praeceptorum</span> <span class='ocrx_word' id='word_1_201' title='bbox 1706 1426 1841 1462; x_wconf 86' lang='lat' dir='ltr'>seriem</span> 
     </span>
     <span class='ocr_line' id='line_1_21' title="bbox 253 1482 1841 1527; baseline 0 -9"><span class='ocrx_word' id='word_1_202' title='bbox 253 1494 298 1518; x_wconf 84' lang='lat' dir='ltr'>ex</span> <span class='ocrx_word' id='word_1_203' title='bbox 325 1482 492 1527; x_wconf 86' lang='lat' dir='ltr'>antiquis</span> <span class='ocrx_word' id='word_1_204' title='bbox 517 1482 798 1527; x_wconf 83' lang='lat' dir='ltr'>posterioribus,</span> <span class='ocrx_word' id='word_1_205' title='bbox 825 1482 1058 1527; x_wconf 87' lang='lat' dir='ltr'>gravissimis</span> <span class='ocrx_word' id='word_1_206' title='bbox 1081 1482 1324 1518; x_wconf 88' lang='lat' dir='ltr'>futtilissimis</span> <span class='ocrx_word' id='word_1_207' title='bbox 1342 1483 1445 1518; x_wconf 86' lang='lat' dir='ltr'>varie</span> <span class='ocrx_word' id='word_1_208' title='bbox 1468 1483 1626 1519; x_wconf 80' lang='lat' dir='ltr'>mixtam</span> <span class='ocrx_word' id='word_1_209' title='bbox 1647 1483 1759 1518; x_wconf 85' lang='lat' dir='ltr'>facile</span> <span class='ocrx_word' id='word_1_210' title='bbox 1778 1494 1841 1518; x_wconf 83' lang='lat' dir='ltr'>ex-</span> 
     </span>
     <span class='ocr_line' id='line_1_22' title="bbox 254 1539 1841 1585; baseline 0 -10"><span class='ocrx_word' id='word_1_211' title='bbox 254 1540 382 1585; x_wconf 72' lang='lat' dir='ltr'>pliees.</span> <span class='ocrx_word' id='word_1_212' title='bbox 424 1543 463 1575; x_wconf 88' lang='lat' dir='ltr'>at</span> <span class='ocrx_word' id='word_1_213' title='bbox 487 1540 629 1585; x_wconf 86' lang='lat' dir='ltr'>aliquid</span> <span class='ocrx_word' id='word_1_214' title='bbox 646 1542 749 1575; x_wconf 89' lang='lat' dir='ltr'>certe</span> <span class='ocrx_word' id='word_1_215' title='bbox 767 1540 902 1585; x_wconf 88' lang='lat' dir='ltr'>culpae</span> <span class='ocrx_word' id='word_1_216' title='bbox 920 1539 1068 1575; x_wconf 89' lang='lat' dir='ltr'>Sosiadi</span> <span class='ocrx_word' id='word_1_217' title='bbox 1087 1541 1283 1576; x_wconf 89' lang='lat' dir='ltr'>collectori</span> <span class='ocrx_word' id='word_1_218' title='bbox 1299 1540 1554 1575; x_wconf 88' lang='lat' dir='ltr'>tribuendum.</span> <span class='ocrx_word' id='word_1_219' title='bbox 1583 1551 1673 1576; x_wconf 89' lang='lat' dir='ltr'>nam</span> <span class='ocrx_word' id='word_1_220' title='bbox 1690 1543 1731 1575; x_wconf 92' lang='lat' dir='ltr'>ut</span> <span class='ocrx_word' id='word_1_221' title='bbox 1748 1542 1841 1576; x_wconf 90' lang='lat' dir='ltr'>mire</span> 
     </span>
     <span class='ocr_line' id='line_1_23' title="bbox 253 1597 1841 1643; baseline 0.001 -11"><span class='ocrx_word' id='word_1_222' title='bbox 253 1598 408 1634; x_wconf 88' lang='lat' dir='ltr'>variant</span> <span class='ocrx_word' id='word_1_223' title='bbox 434 1598 610 1642; x_wconf 84' lang='lat' dir='ltr'>exempla</span> <span class='ocrx_word' id='word_1_224' title='bbox 635 1600 714 1632; x_wconf 89' lang='lat' dir='ltr'>tam</span> <span class='ocrx_word' id='word_1_225' title='bbox 740 1597 897 1643; x_wconf 86' lang='lat' dir='ltr'>antiqua</span> <span class='ocrx_word' id='word_1_226' title='bbox 922 1608 1035 1642; x_wconf 89' lang='lat' dir='ltr'>quam</span> <span class='ocrx_word' id='word_1_227' title='bbox 1061 1597 1211 1633; x_wconf 86' lang='lat' dir='ltr'>iuniora</span> <span class='ocrx_word' id='word_1_228' title='bbox 1237 1601 1273 1633; x_wconf 89' lang='lat' dir='ltr'>et</span> <span class='ocrx_word' id='word_1_229' title='bbox 1289 1598 1557 1633; x_wconf 84' lang='lat' dir='ltr'>Demetrianae</span> <span class='ocrx_word' id='word_1_230' title='bbox 1577 1601 1614 1633; x_wconf 87' lang='lat' dir='ltr'>et</span> <span class='ocrx_word' id='word_1_231' title='bbox 1631 1598 1841 1634; x_wconf 87' lang='lat' dir='ltr'>Sosiadeae</span> 
     </span>
     <span class='ocr_line' id='line_1_24' title="bbox 255 1655 1843 1701; baseline 0 -10"><span class='ocrx_word' id='word_1_232' title='bbox 255 1655 418 1700; x_wconf 86' lang='lat' dir='ltr'>originis,</span> <span class='ocrx_word' id='word_1_233' title='bbox 444 1656 500 1691; x_wconf 90' lang='lat' dir='ltr'>ita</span> <span class='ocrx_word' id='word_1_234' title='bbox 525 1666 573 1690; x_wconf 90' lang='lat' dir='ltr'>ne</span> <span class='ocrx_word' id='word_1_235' title='bbox 591 1655 773 1690; x_wconf 84' lang='lat' dir='ltr'>Sosiades</span> <span class='ocrx_word' id='word_1_236' title='bbox 797 1656 949 1701; x_wconf 90' lang='lat' dir='ltr'>quidem</span> <span class='ocrx_word' id='word_1_237' title='bbox 966 1655 1047 1700; x_wconf 88' lang='lat' dir='ltr'>ipse</span> <span class='ocrx_word' id='word_1_238' title='bbox 1065 1656 1248 1701; x_wconf 87' lang='lat' dir='ltr'>Delphica</span> <span class='ocrx_word' id='word_1_239' title='bbox 1266 1656 1439 1701; x_wconf 88' lang='lat' dir='ltr'>religiose</span> <span class='ocrx_word' id='word_1_240' title='bbox 1458 1667 1630 1691; x_wconf 89' lang='lat' dir='ltr'>servasse</span> <span class='ocrx_word' id='word_1_241' title='bbox 1649 1656 1843 1701; x_wconf 88' lang='lat' dir='ltr'>putandus</span> 
     </span>
     <span class='ocr_line' id='line_1_25' title="bbox 234 1712 1841 1757; baseline 0.001 -10"><span class='ocrx_word' id='word_1_242' title='bbox 234 1712 236 1714; x_wconf 75' lang='grc'>’</span> <span class='ocrx_word' id='word_1_243' title='bbox 255 1715 324 1757; x_wconf 91' lang='lat' dir='ltr'>est,</span> <span class='ocrx_word' id='word_1_244' title='bbox 350 1715 394 1748; x_wconf 94' lang='lat' dir='ltr'>ut</span> <span class='ocrx_word' id='word_1_245' title='bbox 419 1713 482 1757; x_wconf 89' lang='lat' dir='ltr'>qui</span> <span class='ocrx_word' id='word_1_246' title='bbox 506 1713 694 1748; x_wconf 89' lang='lat' dir='ltr'>nonnulla</span> <span class='ocrx_word' id='word_1_247' title='bbox 710 1714 772 1748; x_wconf 86' lang='lat' dir='ltr'>vel</span> <span class='ocrx_word' id='word_1_248' title='bbox 795 1713 835 1748; x_wconf 91' lang='lat' dir='ltr'>in</span> <span class='ocrx_word' id='word_1_249' title='bbox 852 1713 978 1748; x_wconf 89' lang='lat' dir='ltr'>verbis</span> <span class='ocrx_word' id='word_1_250' title='bbox 1001 1724 1146 1748; x_wconf 89' lang='lat' dir='ltr'>novare</span> <span class='ocrx_word' id='word_1_251' title='bbox 1171 1724 1287 1749; x_wconf 85' lang='lat' dir='ltr'>ausus</span> <span class='ocrx_word' id='word_1_252' title='bbox 1305 1714 1363 1748; x_wconf 89' lang='lat' dir='ltr'>sit.</span> <span class='ocrx_word' id='word_1_253' title='bbox 1397 1716 1589 1749; x_wconf 88' lang='lat' dir='ltr'>vetustate</span> <span class='ocrx_word' id='word_1_254' title='bbox 1612 1714 1714 1748; x_wconf 90' lang='lat' dir='ltr'>enim</span> <span class='ocrx_word' id='word_1_255' title='bbox 1731 1715 1841 1749; x_wconf 89' lang='lat' dir='ltr'>tritas</span> 
     </span>
     <span class='ocr_line' id='line_1_26' title="bbox 255 1770 1840 1818; baseline 0 -12"><span class='ocrx_word' id='word_1_256' title='bbox 255 1770 466 1806; x_wconf 79' lang='lat' dir='ltr'>sententias</span> <span class='ocrx_word' id='word_1_257' title='bbox 492 1771 812 1817; x_wconf 62' lang='grc' dir='ltr'>(δεδημοσιωμένας</span> <span class='ocrx_word' id='word_1_258' title='bbox 830 1771 941 1806; x_wconf 78' lang='lat' dir='ltr'>Arist.</span> <span class='ocrx_word' id='word_1_259' title='bbox 959 1771 1067 1806; x_wconf 82' lang='lat' dir='ltr'>Rhet.</span> <span class='ocrx_word' id='word_1_260' title='bbox 1087 1772 1156 1814; x_wconf 78' lang='lat' dir='ltr'>Le.)</span> <span class='ocrx_word' id='word_1_261' title='bbox 1177 1771 1281 1806; x_wconf 80' lang='lat' dir='ltr'>velut</span> <span class='ocrx_word' id='word_1_262' title='bbox 1299 1771 1409 1806; x_wconf 69' lang='grc' dir='ltr'>Γνῶθι</span> <span class='ocrx_word' id='word_1_263' title='bbox 1435 1772 1582 1815; x_wconf 75' lang='grc' dir='ltr'>σεαυτόν,</span> <span class='ocrx_word' id='word_1_264' title='bbox 1599 1770 1723 1818; x_wconf 71' lang='grc' dir='ltr'>Ἐγγύη</span> <span class='ocrx_word' id='word_1_265' title='bbox 1749 1773 1840 1817; x_wconf 77' lang='grc' dir='ltr'>πάρα</span> 
     </span>
     <span class='ocr_line' id='line_1_27' title="bbox 257 1826 1840 1876; baseline 0.001 -14"><span class='ocrx_word' id='word_1_266' title='bbox 257 1826 280 1862; x_wconf 78' lang='grc' dir='ltr'>δ’</span> <span class='ocrx_word' id='word_1_267' title='bbox 301 1829 364 1863; x_wconf 83' lang='grc' dir='ltr'>ἄτα</span> <span class='ocrx_word' id='word_1_268' title='bbox 393 1838 498 1863; x_wconf 88' lang='lat' dir='ltr'>nova</span> <span class='ocrx_word' id='word_1_269' title='bbox 530 1828 652 1872; x_wconf 87' lang='lat' dir='ltr'>gratia</span> <span class='ocrx_word' id='word_1_270' title='bbox 682 1828 838 1863; x_wconf 90' lang='lat' dir='ltr'>induere</span> <span class='ocrx_word' id='word_1_271' title='bbox 871 1828 943 1863; x_wconf 89' lang='lat' dir='ltr'>sibi</span> <span class='ocrx_word' id='word_1_272' title='bbox 967 1828 1170 1863; x_wconf 89' lang='lat' dir='ltr'>videbatur</span> <span class='ocrx_word' id='word_1_273' title='bbox 1198 1829 1350 1873; x_wconf 89' lang='lat' dir='ltr'>ineptus</span> <span class='ocrx_word' id='word_1_274' title='bbox 1375 1829 1436 1863; x_wconf 92' lang='lat' dir='ltr'>ille</span> <span class='ocrx_word' id='word_1_275' title='bbox 1460 1828 1587 1873; x_wconf 90' lang='lat' dir='ltr'>homo,</span> <span class='ocrx_word' id='word_1_276' title='bbox 1620 1828 1709 1864; x_wconf 90' lang='lat' dir='ltr'>dum</span> <span class='ocrx_word' id='word_1_277' title='bbox 1735 1830 1840 1876; x_wconf 77' lang='grc' dir='ltr'>γνῶθι</span> 
     </span>
     <span class='ocr_line' id='line_1_28' title="bbox 258 1886 1839 1933; baseline 0 -13"><span class='ocrx_word' id='word_1_278' title='bbox 258 1887 376 1931; x_wconf 81' lang='grc' dir='ltr'>μαθών</span> <span class='ocrx_word' id='word_1_279' title='bbox 403 1886 438 1929; x_wconf 90' lang='lat' dir='ltr'>(S</span> <span class='ocrx_word' id='word_1_280' title='bbox 456 1886 486 1928; x_wconf 86' lang='grc'>6)</span> <span class='ocrx_word' id='word_1_281' title='bbox 499 1886 530 1927; x_wconf 85' lang='grc'>*)</span> <span class='ocrx_word' id='word_1_282' title='bbox 564 1888 601 1920; x_wconf 89' lang='lat' dir='ltr'>et</span> <span class='ocrx_word' id='word_1_283' title='bbox 635 1887 756 1933; x_wconf 73' lang='grc' dir='ltr'>ἐγγύην</span> <span class='ocrx_word' id='word_1_284' title='bbox 783 1891 884 1932; x_wconf 74' lang='grc' dir='ltr'>φεῦγε</span> <span class='ocrx_word' id='word_1_285' title='bbox 918 1888 1047 1922; x_wconf 89' lang='lat' dir='ltr'>novat.</span> <span class='ocrx_word' id='word_1_286' title='bbox 1094 1887 1142 1921; x_wconf 89' lang='lat' dir='ltr'>ab</span> <span class='ocrx_word' id='word_1_287' title='bbox 1176 1887 1249 1921; x_wconf 91' lang='lat' dir='ltr'>hac</span> <span class='ocrx_word' id='word_1_288' title='bbox 1281 1886 1391 1931; x_wconf 88' lang='lat' dir='ltr'>igitur</span> <span class='ocrx_word' id='word_1_289' title='bbox 1419 1887 1573 1921; x_wconf 88' lang='lat' dir='ltr'>levitate</span> <span class='ocrx_word' id='word_1_290' title='bbox 1599 1886 1839 1930; x_wconf 83' lang='lat' dir='ltr'>Graecorum,</span> 
     </span>
     <span class='ocr_line' id='line_1_29' title="bbox 259 1943 1841 1989; baseline 0.001 -11"><span class='ocrx_word' id='word_1_291' title='bbox 259 1954 357 1989; x_wconf 86' lang='lat' dir='ltr'>quae</span> <span class='ocrx_word' id='word_1_292' title='bbox 382 1943 488 1988; x_wconf 89' lang='lat' dir='ltr'>leges</span> <span class='ocrx_word' id='word_1_293' title='bbox 513 1943 769 1989; x_wconf 87' lang='lat' dir='ltr'>formulasque</span> <span class='ocrx_word' id='word_1_294' title='bbox 796 1954 928 1979; x_wconf 88' lang='lat' dir='ltr'>sacras</span> <span class='ocrx_word' id='word_1_295' title='bbox 952 1955 1160 1989; x_wconf 87' lang='lat' dir='ltr'>numquam</span> <span class='ocrx_word' id='word_1_296' title='bbox 1188 1955 1233 1979; x_wconf 89' lang='lat' dir='ltr'>ea</span> <span class='ocrx_word' id='word_1_297' title='bbox 1258 1944 1438 1989; x_wconf 86' lang='lat' dir='ltr'>religione</span> <span class='ocrx_word' id='word_1_298' title='bbox 1465 1943 1643 1978; x_wconf 89' lang='lat' dir='ltr'>colebant</span> <span class='ocrx_word' id='word_1_299' title='bbox 1667 1954 1742 1988; x_wconf 88' lang='lat' dir='ltr'>qua</span> <span class='ocrx_word' id='word_1_300' title='bbox 1766 1944 1841 1979; x_wconf 90' lang='lat' dir='ltr'>Ro-</span> 
     </span>
     <span class='ocr_line' id='line_1_30' title="bbox 256 2000 1842 2047; baseline 0 -11"><span class='ocrx_word' id='word_1_301' title='bbox 256 2000 361 2036; x_wconf 87' lang='lat' dir='ltr'>mani</span> <span class='ocrx_word' id='word_1_302' title='bbox 389 2001 446 2035; x_wconf 84' lang='lat' dir='ltr'>vel</span> <span class='ocrx_word' id='word_1_303' title='bbox 467 2000 596 2036; x_wconf 88' lang='lat' dir='ltr'>Iudaei</span> <span class='ocrx_word' id='word_1_304' title='bbox 618 2001 677 2043; x_wconf 85' lang='lat' dir='ltr'>(cf.</span> <span class='ocrx_word' id='word_1_305' title='bbox 698 2002 773 2036; x_wconf 91' lang='lat' dir='ltr'>Cic.</span> <span class='ocrx_word' id='word_1_306' title='bbox 792 2011 860 2046; x_wconf 89' lang='lat' dir='ltr'>pro</span> <span class='ocrx_word' id='word_1_307' title='bbox 880 2002 1003 2037; x_wconf 88' lang='lat' dir='ltr'>Flacc.</span> <span class='ocrx_word' id='word_1_308' title='bbox 1021 2002 1052 2046; x_wconf 84' lang='lat'>4,</span> <span class='ocrx_word' id='word_1_309' title='bbox 1070 2002 1101 2044; x_wconf 86' lang='lat'>9)</span> <span class='ocrx_word' id='word_1_310' title='bbox 1129 2012 1177 2036; x_wconf 90' lang='lat' dir='ltr'>ne</span> <span class='ocrx_word' id='word_1_311' title='bbox 1194 2000 1479 2046; x_wconf 87' lang='lat' dir='ltr'>Miletopolitani</span> <span class='ocrx_word' id='word_1_312' title='bbox 1504 2001 1654 2046; x_wconf 86' lang='lat' dir='ltr'>quidem</span> <span class='ocrx_word' id='word_1_313' title='bbox 1679 2001 1842 2047; x_wconf 85' lang='lat' dir='ltr'>exempli</span> 
     </span>
     <span class='ocr_line' id='line_1_31' title="bbox 258 2057 1841 2105; baseline 0.002 -13"><span class='ocrx_word' id='word_1_314' title='bbox 258 2057 432 2093; x_wconf 86' lang='lat' dir='ltr'>conditor</span> <span class='ocrx_word' id='word_1_315' title='bbox 463 2058 670 2102; x_wconf 77' lang='lat' dir='ltr'>abhorruit,</span> <span class='ocrx_word' id='word_1_316' title='bbox 702 2061 745 2093; x_wconf 92' lang='lat' dir='ltr'>ut</span> <span class='ocrx_word' id='word_1_317' title='bbox 775 2058 859 2103; x_wconf 88' lang='lat' dir='ltr'>ipsa</span> <span class='ocrx_word' id='word_1_318' title='bbox 892 2059 1099 2104; x_wconf 85' lang='lat' dir='ltr'>scripturae</span> <span class='ocrx_word' id='word_1_319' title='bbox 1130 2059 1303 2094; x_wconf 86' lang='lat' dir='ltr'>futtilitas</span> <span class='ocrx_word' id='word_1_320' title='bbox 1334 2059 1548 2094; x_wconf 88' lang='lat' dir='ltr'>testimonio</span> <span class='ocrx_word' id='word_1_321' title='bbox 1576 2062 1642 2094; x_wconf 90' lang='lat' dir='ltr'>est.</span> <span class='ocrx_word' id='word_1_322' title='bbox 1683 2060 1841 2105; x_wconf 85' lang='lat' dir='ltr'>proinde</span> 
     </span>
     <span class='ocr_line' id='line_1_32' title="bbox 259 2116 1841 2162; baseline 0.001 -12"><span class='ocrx_word' id='word_1_323' title='bbox 259 2116 524 2151; x_wconf 86' lang='lat' dir='ltr'>adulescentes</span> <span class='ocrx_word' id='word_1_324' title='bbox 549 2116 612 2162; x_wconf 92' lang='lat' dir='ltr'>qui</span> <span class='ocrx_word' id='word_1_325' title='bbox 636 2117 877 2161; x_wconf 75' lang='lat' dir='ltr'>gymnasium</span> <span class='ocrx_word' id='word_1_326' title='bbox 903 2117 995 2152; x_wconf 89' lang='lat' dir='ltr'>illud</span> <span class='ocrx_word' id='word_1_327' title='bbox 1019 2118 1329 2162; x_wconf 87' lang='lat' dir='ltr'>frequentabant,</span> <span class='ocrx_word' id='word_1_328' title='bbox 1360 2117 1424 2151; x_wconf 91' lang='lat' dir='ltr'>ubi</span> <span class='ocrx_word' id='word_1_329' title='bbox 1447 2116 1613 2162; x_wconf 88' lang='lat' dir='ltr'>positum</span> <span class='ocrx_word' id='word_1_330' title='bbox 1639 2117 1720 2162; x_wconf 87' lang='lat' dir='ltr'>fuit,</span> <span class='ocrx_word' id='word_1_331' title='bbox 1746 2117 1841 2153; x_wconf 89' lang='lat' dir='ltr'>sicut</span> 
     </span>
     <span class='ocr_line' id='line_1_33' title="bbox 259 2173 1839 2220; baseline 0.001 -12"><span class='ocrx_word' id='word_1_332' title='bbox 259 2173 475 2208; x_wconf 87' lang='lat' dir='ltr'>coniectum</span> <span class='ocrx_word' id='word_1_333' title='bbox 501 2176 569 2218; x_wconf 88' lang='lat' dir='ltr'>est,</span> <span class='ocrx_word' id='word_1_334' title='bbox 595 2184 673 2209; x_wconf 88' lang='lat' dir='ltr'>non</span> <span class='ocrx_word' id='word_1_335' title='bbox 699 2173 855 2209; x_wconf 88' lang='lat' dir='ltr'>nimiam</span> <span class='ocrx_word' id='word_1_336' title='bbox 881 2175 1095 2220; x_wconf 88' lang='lat' dir='ltr'>praeceptis</span> <span class='ocrx_word' id='word_1_337' title='bbox 1119 2175 1191 2209; x_wconf 89' lang='lat' dir='ltr'>illis</span> <span class='ocrx_word' id='word_1_338' title='bbox 1219 2176 1483 2210; x_wconf 87' lang='lat' dir='ltr'>auctoritatem</span> <span class='ocrx_word' id='word_1_339' title='bbox 1503 2174 1678 2210; x_wconf 82' lang='lat' dir='ltr'>tribuisse</span> <span class='ocrx_word' id='word_1_340' title='bbox 1696 2175 1839 2211; x_wconf 88' lang='lat' dir='ltr'>credas.</span> 
     </span>
     <span class='ocr_line' id='line_1_34' title="bbox 260 2230 1842 2277; baseline 0.002 -13"><span class='ocrx_word' id='word_1_341' title='bbox 260 2230 377 2265; x_wconf 89' lang='lat' dir='ltr'>nihilo</span> <span class='ocrx_word' id='word_1_342' title='bbox 407 2231 534 2266; x_wconf 89' lang='lat' dir='ltr'>minus</span> <span class='ocrx_word' id='word_1_343' title='bbox 569 2231 653 2267; x_wconf 88' lang='lat' dir='ltr'>aliis</span> <span class='ocrx_word' id='word_1_344' title='bbox 686 2232 760 2267; x_wconf 90' lang='lat' dir='ltr'>alia</span> <span class='ocrx_word' id='word_1_345' title='bbox 793 2232 1016 2277; x_wconf 86' lang='lat' dir='ltr'>eligentibus</span> <span class='ocrx_word' id='word_1_346' title='bbox 1047 2233 1144 2268; x_wconf 88' lang='lat' dir='ltr'>haec</span> <span class='ocrx_word' id='word_1_347' title='bbox 1177 2232 1308 2277; x_wconf 89' lang='lat' dir='ltr'>religio</span> <span class='ocrx_word' id='word_1_348' title='bbox 1334 2232 1528 2276; x_wconf 87' lang='lat' dir='ltr'>Delphica,</span> <span class='ocrx_word' id='word_1_349' title='bbox 1561 2232 1592 2268; x_wconf 91' lang='lat' dir='ltr'>si</span> <span class='ocrx_word' id='word_1_350' title='bbox 1623 2232 1681 2267; x_wconf 84' lang='lat' dir='ltr'>fas</span> <span class='ocrx_word' id='word_1_351' title='bbox 1707 2234 1763 2267; x_wconf 87' lang='lat' dir='ltr'>est</span> <span class='ocrx_word' id='word_1_352' title='bbox 1788 2232 1842 2267; x_wconf 90' lang='lat' dir='ltr'>ita</span> 
     </span>
     <span class='ocr_line' id='line_1_35' title="bbox 262 2287 1841 2336; baseline 0.001 -14"><span class='ocrx_word' id='word_1_353' title='bbox 262 2287 397 2331; x_wconf 87' lang='lat' dir='ltr'>dicere,</span> <span class='ocrx_word' id='word_1_354' title='bbox 430 2299 497 2331; x_wconf 89' lang='lat' dir='ltr'>per</span> <span class='ocrx_word' id='word_1_355' title='bbox 530 2290 650 2324; x_wconf 88' lang='lat' dir='ltr'>totam</span> <span class='ocrx_word' id='word_1_356' title='bbox 685 2290 952 2334; x_wconf 87' lang='lat' dir='ltr'>antiquitatem</span> <span class='ocrx_word' id='word_1_357' title='bbox 983 2301 1102 2336; x_wconf 91' lang='lat' dir='ltr'>usque</span> <span class='ocrx_word' id='word_1_358' title='bbox 1139 2290 1186 2325; x_wconf 91' lang='lat' dir='ltr'>ad</span> <span class='ocrx_word' id='word_1_359' title='bbox 1212 2290 1357 2334; x_wconf 90' lang='lat' dir='ltr'>Cpolim</span> <span class='ocrx_word' id='word_1_360' title='bbox 1391 2292 1544 2334; x_wconf 89' lang='lat' dir='ltr'>captam</span> <span class='ocrx_word' id='word_1_361' title='bbox 1568 2289 1687 2325; x_wconf 84' lang='lat' dir='ltr'>valuit</span> <span class='ocrx_word' id='word_1_362' title='bbox 1719 2299 1841 2334; x_wconf 83' lang='lat' dir='ltr'>neque</span> 
     </span>
     <span class='ocr_line' id='line_1_36' title="bbox 262 2345 1760 2392; baseline 0.002 -13"><span class='ocrx_word' id='word_1_363' title='bbox 262 2345 431 2380; x_wconf 84' lang='lat' dir='ltr'>extincta</span> <span class='ocrx_word' id='word_1_364' title='bbox 457 2347 515 2380; x_wconf 90' lang='lat' dir='ltr'>est</span> <span class='ocrx_word' id='word_1_365' title='bbox 539 2346 653 2390; x_wconf 87' lang='lat' dir='ltr'>plane</span> <span class='ocrx_word' id='word_1_366' title='bbox 680 2349 746 2381; x_wconf 89' lang='lat' dir='ltr'>aut</span> <span class='ocrx_word' id='word_1_367' title='bbox 770 2347 995 2382; x_wconf 86' lang='lat' dir='ltr'>ludaeorum</span> <span class='ocrx_word' id='word_1_368' title='bbox 1023 2348 1204 2392; x_wconf 91' lang='lat' dir='ltr'>decalogo</span> <span class='ocrx_word' id='word_1_369' title='bbox 1233 2349 1298 2382; x_wconf 87' lang='lat' dir='ltr'>aut</span> <span class='ocrx_word' id='word_1_370' title='bbox 1324 2346 1516 2391; x_wconf 83' lang='lat' dir='ltr'>Evangelii</span> <span class='ocrx_word' id='word_1_371' title='bbox 1539 2347 1760 2392; x_wconf 85' lang='lat' dir='ltr'>praeceptis.</span> 
     </span>
    </p>
   </div>
   <div class='ocr_carea' id='block_1_4' title="bbox 217 2439 1703 2920">
    <p class='ocr_par' dir='ltr' id='par_1_4' title="bbox 428 2439 1644 2494">
     <span class='ocr_line' id='line_1_37' title="bbox 428 2439 1644 2494; baseline 0.002 -32"><span class='ocrx_word' id='word_1_372' title='bbox 428 2439 448 2462; x_wconf 69' lang='lat'>*-</span> <span class='ocrx_word' id='word_1_373' title='bbox 529 2470 550 2492; x_wconf 74' lang='lat'><strong>*</strong></span> <span class='ocrx_word' id='word_1_374' title='bbox 630 2439 650 2462; x_wconf 85' lang='lat'><em>*</em></span> <span class='ocrx_word' id='word_1_375' title='bbox 1422 2440 1443 2463; x_wconf 82' lang='lat'><em>*</em></span> <span class='ocrx_word' id='word_1_376' title='bbox 1524 2470 1544 2494; x_wconf 75' lang='lat'><strong>*</strong></span> <span class='ocrx_word' id='word_1_377' title='bbox 1623 2440 1644 2464; x_wconf 84' lang='lat'><em>*</em></span> 
     </span>
    </p>

    <p class='ocr_par' dir='ltr' id='par_1_5' title="bbox 222 2519 1622 2781">
     <span class='ocr_line' id='line_1_38' title="bbox 222 2519 1562 2576; baseline 0.002 -17"><span class='ocrx_word' id='word_1_378' title='bbox 222 2527 239 2568; x_wconf 88' lang='grc' dir='ltr'>Ι</span> <span class='ocrx_word' id='word_1_379' title='bbox 261 2519 406 2575; x_wconf 64' lang='grc' dir='ltr'>φῆλοις</span> <span class='ocrx_word' id='word_1_380' title='bbox 438 2519 576 2574; x_wconf 74' lang='grc' dir='ltr'>βοήθει</span> <span class='ocrx_word' id='word_1_381' title='bbox 1167 2519 1200 2561; x_wconf 92' lang='lat' dir='ltr'>II</span> <span class='ocrx_word' id='word_1_382' title='bbox 1222 2522 1344 2576; x_wconf 80' lang='grc' dir='ltr'>πέρας</span> <span class='ocrx_word' id='word_1_383' title='bbox 1376 2521 1562 2575; x_wconf 47' lang='lat' dir='ltr'>&amp;barakei</span> 
     </span>
     <span class='ocr_line' id='line_1_39' title="bbox 262 2586 1622 2646; baseline 0.001 -18"><span class='ocrx_word' id='word_1_384' title='bbox 262 2589 407 2642; x_wconf 76' lang='grc' dir='ltr'>θ]ι)μοῦ</span> <span class='ocrx_word' id='word_1_385' title='bbox 438 2586 576 2643; x_wconf 81' lang='grc' dir='ltr'>κράτει</span> <span class='ocrx_word' id='word_1_386' title='bbox 1222 2593 1342 2631; x_wconf 76' lang='grc' dir='ltr'>πᾶσιν</span> <span class='ocrx_word' id='word_1_387' title='bbox 1374 2590 1622 2646; x_wconf 76' lang='grc' dir='ltr'>φιλοφρό[νει</span> 
     </span>
     <span class='ocr_line' id='line_1_40' title="bbox 263 2656 1553 2714; baseline 0 -16"><span class='ocrx_word' id='word_1_388' title='bbox 263 2656 398 2711; x_wconf 68' lang='grc' dir='ltr'>ἀἿὸικα</span> <span class='ocrx_word' id='word_1_389' title='bbox 429 2659 551 2712; x_wconf 73' lang='grc' dir='ltr'>φεῦγε</span> <span class='ocrx_word' id='word_1_390' title='bbox 1223 2657 1406 2713; x_wconf 73' lang='grc' dir='ltr'>γυναικὸς</span> <span class='ocrx_word' id='word_1_391' title='bbox 1439 2658 1553 2714; x_wconf 77' lang='grc' dir='ltr'>ἄρχ[ε</span> 
     </span>
     <span class='ocr_line' id='line_1_41' title="bbox 264 2723 1592 2781; baseline 0 -15"><span class='ocrx_word' id='word_1_392' title='bbox 264 2723 455 2781; x_wconf 77' lang='grc' dir='ltr'>μαρτύρει</span> <span class='ocrx_word' id='word_1_393' title='bbox 485 2727 576 2766; x_wconf 75' lang='grc' dir='ltr'>ὅσια</span> <span class='ocrx_word' id='word_1_394' title='bbox 1224 2727 1366 2768; x_wconf 76' lang='grc' dir='ltr'>σαυτὸν</span> <span class='ocrx_word' id='word_1_395' title='bbox 1399 2727 1442 2768; x_wconf 69' lang='grc' dir='ltr'>εὖ</span> <span class='ocrx_word' id='word_1_396' title='bbox 1473 2726 1592 2779; x_wconf 72' lang='grc' dir='ltr'>πο[ιέ’.</span> 
     </span>
    </p>

    <p class='ocr_par' dir='ltr' id='par_1_6' title="bbox 217 2792 1703 2920">
     <span class='ocr_line' id='line_1_42' title="bbox 217 2792 1669 2852; baseline 0 -18"><span class='ocrx_word' id='word_1_397' title='bbox 217 2806 239 2840; x_wconf 82' lang='grc'>5</span> <span class='ocrx_word' id='word_1_398' title='bbox 263 2794 424 2848; x_wconf 74' lang='grc' dir='ltr'>ἡ[ὃονῆς</span> <span class='ocrx_word' id='word_1_399' title='bbox 455 2792 595 2850; x_wconf 80' lang='grc' dir='ltr'>κράτει</span> <span class='ocrx_word' id='word_1_400' title='bbox 1176 2800 1198 2833; x_wconf 87' lang='grc'><em>5</em></span> <span class='ocrx_word' id='word_1_401' title='bbox 1223 2796 1515 2852; x_wconf 71' lang='grc' dir='ltr'>εὐπροσήγορος</span> <span class='ocrx_word' id='word_1_402' title='bbox 1545 2795 1669 2849; x_wconf 66' lang='grc' dir='ltr'>*μ’[νου</span> 
     </span>
     <span class='ocr_line' id='line_1_43' title="bbox 264 2858 1703 2920; baseline 0.001 -17"><span class='ocrx_word' id='word_1_403' title='bbox 264 2858 401 2917; x_wconf 71' lang='grc' dir='ltr'>τ]υ’χην</span> <span class='ocrx_word' id='word_1_404' title='bbox 433 2863 612 2917; x_wconf 72' lang='grc' dir='ltr'>νό[μ]ιζ[ε</span> <span class='ocrx_word' id='word_1_405' title='bbox 1224 2864 1439 2920; x_wconf 72' lang='grc' dir='ltr'>ἀποκρίνου</span> <span class='ocrx_word' id='word_1_406' title='bbox 1472 2866 1514 2918; x_wconf 80' lang='grc' dir='ltr'>ἐγ</span> <span class='ocrx_word' id='word_1_407' title='bbox 1545 2864 1703 2919; x_wconf 78' lang='grc' dir='ltr'>καιρῶ[ι</span> 
     </span>
    </p>
   </div>
   <div class='ocr_carea' id='block_1_5' title="bbox 265 2933 537 2938">
    <p class='ocr_par' dir='ltr' id='par_1_7' title="bbox 265 2933 537 2938">
     <span class='ocr_line' id='line_1_44' title="bbox 265 2933 537 2938; baseline 0 0"><span class='ocrx_word' id='word_1_408' title='bbox 265 2933 537 2938; x_wconf 95' lang='lat' dir='ltr'> </span> 
     </span>
    </p>
   </div>
   <div class='ocr_carea' id='block_1_6' title="bbox 265 2952 1840 3055">
    <p class='ocr_par' dir='ltr' id='par_1_8' title="bbox 265 2952 1840 3055">
     <span class='ocr_line' id='line_1_45' title="bbox 360 2952 1840 2998; baseline 0.001 -11"><span class='ocrx_word' id='word_1_409' title='bbox 360 2953 389 2995; x_wconf 89' lang='grc'>*)</span> <span class='ocrx_word' id='word_1_410' title='bbox 415 2952 440 2987; x_wconf 91' lang='lat' dir='ltr'>S</span> <span class='ocrx_word' id='word_1_411' title='bbox 460 2953 482 2988; x_wconf 93' lang='lat'>8</span> <span class='ocrx_word' id='word_1_412' title='bbox 516 2955 633 2988; x_wconf 83' lang='grc' dir='ltr'>σαυτὸν</span> <span class='ocrx_word' id='word_1_413' title='bbox 658 2953 729 2989; x_wconf 75' lang='grc' dir='ltr'>ἰ’σθι</span> <span class='ocrx_word' id='word_1_414' title='bbox 760 2953 863 2998; x_wconf 90' lang='lat' dir='ltr'>quod</span> <span class='ocrx_word' id='word_1_415' title='bbox 886 2953 986 2988; x_wconf 89' lang='lat' dir='ltr'>idem</span> <span class='ocrx_word' id='word_1_416' title='bbox 1011 2955 1125 2988; x_wconf 85' lang='lat' dir='ltr'>sonat</span> <span class='ocrx_word' id='word_1_417' title='bbox 1150 2953 1310 2989; x_wconf 82' lang='lat' dir='ltr'>fortasse</span> <span class='ocrx_word' id='word_1_418' title='bbox 1337 2954 1585 2998; x_wconf 84' lang='lat' dir='ltr'>depravatum</span> <span class='ocrx_word' id='word_1_419' title='bbox 1611 2956 1666 2989; x_wconf 88' lang='lat' dir='ltr'>est</span> <span class='ocrx_word' id='word_1_420' title='bbox 1692 2964 1737 2988; x_wconf 85' lang='lat' dir='ltr'>ex</span> <span class='ocrx_word' id='word_1_421' title='bbox 1763 2964 1840 2989; x_wconf 92' lang='lat' dir='ltr'>non</span> 
     </span>
     <span class='ocr_line' id='line_1_46' title="bbox 265 3009 1496 3055; baseline 0.001 -11"><span class='ocrx_word' id='word_1_422' title='bbox 265 3009 459 3045; x_wconf 78' lang='lat' dir='ltr'>intellecto</span> <span class='ocrx_word' id='word_1_423' title='bbox 485 3011 575 3050; x_wconf 77' lang='grc' dir='ltr'>ξένος</span> <span class='ocrx_word' id='word_1_424' title='bbox 601 3012 646 3045; x_wconf 82' lang='grc' dir='ltr'>ὢν</span> <span class='ocrx_word' id='word_1_425' title='bbox 671 3011 751 3055; x_wconf 66' lang='grc' dir='ltr'>ἰ’ςθι,</span> <span class='ocrx_word' id='word_1_426' title='bbox 779 3010 823 3045; x_wconf 87' lang='lat' dir='ltr'>de</span> <span class='ocrx_word' id='word_1_427' title='bbox 850 3020 921 3054; x_wconf 85' lang='lat' dir='ltr'>quo</span> <span class='ocrx_word' id='word_1_428' title='bbox 947 3011 985 3045; x_wconf 91' lang='lat' dir='ltr'>F.</span> <span class='ocrx_word' id='word_1_429' title='bbox 1005 3009 1157 3045; x_wconf 75' lang='lat' dir='ltr'>Schultz</span> <span class='ocrx_word' id='word_1_430' title='bbox 1180 3011 1238 3046; x_wconf 73' lang='lat' dir='ltr'>Le.</span> <span class='ocrx_word' id='word_1_431' title='bbox 1263 3022 1297 3055; x_wconf 91' lang='lat' dir='ltr'>p.</span> <span class='ocrx_word' id='word_1_432' title='bbox 1316 3011 1384 3046; x_wconf 78' lang='lat'>226</span> <span class='ocrx_word' id='word_1_433' title='bbox 1409 3011 1496 3055; x_wconf 88' lang='lat' dir='ltr'>agit.</span> 
     </span>
    </p>
   </div>
   <div class='ocr_carea' id='block_1_7' title="bbox 1753 3113 1836 3155">
    <p class='ocr_par' dir='ltr' id='par_1_9' title="bbox 1753 3113 1836 3155">
     <span class='ocr_line' id='line_1_47' title="bbox 1753 3113 1836 3155; baseline 0 0"><span class='ocrx_word' id='word_1_434' title='bbox 1753 3113 1836 3155; x_wconf 84' lang='lat'>395</span> 
     </span>
    </p>
   </div>
  </div>
 </body>
</html>
