2198 3522
199 274 300 310 1020.
327 274 431 309 1021.
462 291 465 294 «
732 272 1035 307 Halicarnassus.
1077 271 1264 316 Olympia.
1700 274 1779 309 112.

197 412 342 448 Deinde
366 412 548 447 lacunam
572 409 718 444 indicat
734 408 813 452 Wi.,
841 419 939 453 quae
963 418 1054 443 num
1080 410 1189 443 tanta
1214 408 1335 452 fuerit,
1362 411 1508 453 quanta
1532 411 1780 454 complurium

198 469 436 505 saeculorum
461 466 682 503 sacerdotes
709 469 874 510 caperet,
900 465 1130 500 dubitamus
1246 466 1312 500 Β]
1342 465 1410 500 Hic
1434 466 1548 510 longo
1575 467 1621 501 ab
1648 467 1779 502 ultimo

198 525 263 571 qui
287 536 388 560 nunc
411 524 450 559 in
475 524 654 559 columna
679 523 694 557 I
719 523 938 557 nominatur
961 522 1142 567 temporis
1166 522 1368 557 intervallo
1395 523 1538 557 divisus
1564 526 1632 559 est.
1675 525 1779 569 Quae

198 583 398 618 traduntur
414 580 616 626 Ἀθήνιππος
638 580 836 626 ᾸΤΟΥᾸΤΙ
856 578 1111 625 Ἀνδροσθένους
1128 580 1309 625 explicuit
1328 579 1447 623 wilh„
1474 580 1558 614 coll.
1577 580 1672 615 Bull.
1687 582 1782 616 Hell.

198 640 278 675 XIV
298 639 383 683 1053
410 638 434 672 Ι.
452 638 540 673 Brit.
559 638 652 672 Mus.
671 637 718 672 IV
735 637 754 672 1
776 649 810 682 p.
823 638 878 673 62.
896 638 957 681 75;
985 636 1014 669 Z(
1029 653 1069 666 =
1086 639 1102 672 ὁ
1126 638 1236 676 αὐτός.
1332 638 1358 671 2
1381 637 1484 672 Idem
1508 640 1566 673 est
1584 637 1623 672 in
1642 638 1780 682 stipum

199 697 374 741 catalogo
392 695 535 730 saeculi
553 694 583 729 II
600 694 671 730 s.I:
696 694 870 730 Wilhelm
888 695 1058 730 Jahresh.
1071 695 1119 729 XI
1137 695 1238 739 1908,
1250 695 1295 730 63
1321 695 1376 729 ε’πὶ
1401 695 1516 740 ἱερέως
1534 695 1696 730 Πολείτου
1720 701 1779 730 τοῦ

197 752 431 800 Ἀνδροοθένου
457 757 516 787 τοῦ
541 754 580 787 τὸ
606 753 759 799 δεύτερον
777 757 1024 791 νεωποιοῦντος
1046 753 1115 787 οἵδε
1138 753 1380 799 ἐπηγγείλαντο
1407 753 1453 791 εἰς
1472 753 1534 798 τὴν
1555 757 1614 787 τοῦ
1637 754 1781 799 φρέατος

197 812 325 858 ὀρυχὴν
358 811 416 846 καὶ
449 810 695 856 ἐνοικοδομίαν,
727 809 952 854 Theangelis
982 809 1021 844 in
1052 810 1191 854 oppido
1222 810 1593 844 Halicarnassiorum
1624 810 1780 845 invento

197 869 255 911 (cf.
273 868 321 903 l.l.
339 879 374 913 p.
388 868 454 911 64).
497 867 610 903 Cuius
634 869 793 901 mortem
822 866 854 901 si
871 867 973 902 circa
992 878 1135 902 annum
1154 867 1221 902 100
1238 867 1353 902 fuisse
1372 867 1564 911 sumimus
1591 867 1734 902 Polites
1750 868 1781 902 II

195 926 287 969 (114)
314 927 416 960 circa
442 935 585 960 annum
609 924 655 958 40
681 924 833 959 demum
860 924 1031 960 decessit.
1160 926 1185 959 4
1211 929 1264 960 ΚΝ
1291 924 1382 960 Dub.
1424 924 1564 959 Notum
1590 935 1636 959 ex
1661 924 1780 960 titulis

194 983 352 1018 Rhodiis
379 982 647 1026 compendium
675 975 781 1016 KAO.

281 1092 419 1136 1021.
451 1072 651 1133 Ministri
673 1098 792 1133 sacri
814 1098 1059 1142 Olympici,
1088 1108 1128 1134 a.
1145 1100 1217 1134 24.
1263 1098 1473 1143 Olympiae.
1514 1098 1657 1143 Tegula
1680 1109 1780 1134 mar-

193 1155 309 1192 moris
334 1155 434 1191 Parii
458 1155 632 1190 detracta
658 1154 704 1189 de
731 1155 872 1199 templo
899 1155 996 1190 Iovis
1023 1155 1196 1200 Olympii.
1238 1155 1330 1190 Edd.
1352 1155 1615 1200 Dittenberger
1636 1155 1779 1191 Inschr.

194 1214 249 1249 Ol.
267 1214 313 1248 64
338 1213 456 1258 (Syll.2
473 1213 562 1255 612).
1653 1213 1728 1257 [Hi]

826 1283 934 1330 Διὸς
970 1282 1072 1339 ἱερά
1087 1284 1120 1324 1.
1142 1282 1145 1339 Ι

195 1377 502 1432 μετεκεχὴρου2
529 1378 597 1417 τοῦ
626 1375 701 1431 πρὸ
726 1380 796 1430 τῆς
820 1373 908 1432 ρπθ’
926 1374 930 1431 Ι
947 1372 1249 1430 Ἴλυμπιάὸοςῧ
1268 1374 1273 1432 Ι
1392 1376 1658 1417 θεοκόλοι4
1675 1374 1679 1432 Ι
1699 1374 1780 1417 Εὔ-

147 1452 169 1486 5
197 1449 319 1500 ὄαμος
342 1444 599 1499 Εὐθυμένους
621 1443 713 1499 Κ.5,
728 1443 735 1500 Ι
752 1445 895 1500 Σόφων
914 1442 1047 1486 Λύκου
1066 1443 1130 1498 Ν.,
1150 1441 1435 1500 ΙἈφροόείσιος
1452 1443 1638 1501 Εὐπόρου
1656 1444 1718 1501 Γ.Ι

123 1520 169 1555 10
197 1515 536 1570 σπονδοφόροι·
563 1513 567 1566 Ι
591 1513 786 1570 Ἀντίοχος
815 1511 1031 1569 Ἀντιόχου,
1059 1511 1349 1569 ΙῊροικλείόης
1372 1511 1654 1569 Ἡρακλείδου,
1672 1512 1680 1570 Ι
1698 1514 1779 1555 Λυ-
1817 1550 1822 1558 ,

283 1640 447 1675 Litterae
479 1642 783 1675 ΑΕΖΘΜΞΠΟΗ).
913 1641 929 1672 1
965 1638 1025 1673 Se.
1051 1638 1171 1684 στήλη.
1222 1638 1274 1674 Cf.
1300 1650 1335 1672 n.
1354 1638 1463 1681 11001
1498 1639 1570 1682 ἱερὰ
1602 1639 1778 1674 Διονύσου.

192 1698 333 1733 Inschr.
353 1697 408 1733 Ol.
427 1697 469 1739 29
501 1697 517 1730 ὁ
550 1697 646 1735 πίναξ
674 1698 765 1742 ἱαρὸς
784 1694 959 1742 Ὀλυνπίᾳ.
1000 1695 1174 1730 Wilhelm
1199 1695 1402 1731 AEMOest.
1421 1695 1487 1730 XX
1504 1696 1560 1731 91.
1609 1696 1779 1732 Tabulae

192 1755 301 1790 huius
327 1754 474 1799 generis
500 1755 711 1799 permultae
737 1756 891 1789 exstant
914 1753 1003 1788 inde
1031 1754 1078 1789 ab
1106 1764 1139 1789 a.
1157 1754 1203 1789 36
1229 1764 1261 1789 a.
1278 1753 1361 1789 Chr.
1382 1755 1416 1797 (I.
1433 1753 1557 1796 01.59)
1583 1765 1703 1799 usque
1730 1755 1779 1789 ad

195 1824 228 1847 a.
241 1812 310 1847 265
333 1823 366 1857 p.
382 1812 466 1847 Chr.
486 1811 583 1854 (ibid.
603 1812 694 1854 122).
737 1812 844 1856 Quae
870 1822 1014 1856 omnes,
1041 1811 1112 1846 etsi
1128 1812 1346 1856 singillatim
1364 1812 1468 1847 haud
1486 1822 1612 1855 pauca
1629 1814 1780 1847 mutata

194 1872 281 1905 sunt
306 1872 396 1913 (not.
413 1870 444 1904 6.
463 1870 496 1904 7.
513 1869 557 1912 8),
586 1869 625 1904 in
650 1869 870 1904 universum
895 1872 1025 1904 tamen
1052 1869 1187 1904 eadem
1216 1879 1378 1904 munera
1402 1871 1615 1913 recensent,
1642 1880 1780 1914 nempe

194 1938 327 1963 eorum
359 1927 422 1972 qui
451 1927 645 1962 sacrificiis
672 1927 870 1972 Olympiae
902 1927 1090 1962 intersunt
1119 1929 1271 1971 praeter
1295 1926 1518 1962 sacerdotes
1543 1927 1778 1972 singulorum

195 1985 353 2020 deorum
377 1985 689 2029 templorumque.
730 1985 936 2029 Plerosque
963 1984 1175 2019 Pausanias
1201 1986 1476 2019 commemorat
1499 1983 1563 2018 ubi
1588 1984 1634 2018 de
1659 1983 1780 2019 sacris

193 2042 397 2078 menstruis
431 2052 528 2087 quae
555 2041 754 2087 Olympiae
789 2042 934 2077 fiebant
966 2042 1117 2077 disserit
1141 2041 1242 2087 V15‚
1262 2041 1320 2076 1οῑ
1356 2042 1499 2076 ἑκάστου
1534 2042 1571 2076 δὲ
1601 2042 1689 2081 ἅπαξ
1720 2046 1779 2076 τοῦ

196 2102 302 2146 μηνὸς
326 2101 462 2135 θύουσιν
490 2101 545 2134 ἐπὶ
571 2101 705 2134 πάντων
720 2097 854 2135 Ἠλεῖοι
877 2107 943 2134 τῶν
966 2100 1235 2145 κατειλεγμένων
1256 2100 1400 2145 βωμῶν·
1429 2099 1549 2134 θύουσι
1575 2099 1611 2133 δὲ
1635 2100 1779 2147 ἀρχαῖόν

192 2171 267 2193 τινα
297 2159 439 2204 τρόπον·
472 2157 659 2204 λιβανωτὸν
686 2158 748 2204 γὰρ
782 2157 869 2202 ὁμοῦ
902 2162 1024 2203 πυροῖς
1051 2158 1282 2204 μεμαγμένοις
1307 2158 1416 2202 μέλιτι
1442 2157 1607 2202 θυμιῶσιν
1634 2157 1689 2192 ἐπὶ
1712 2162 1779 2191 τῶν

192 2216 336 2261 βωμῶν·
362 2244 406 2252 --
424 2216 520 2262 μέλει
546 2217 582 2250 δὲ
606 2216 649 2250 τὰ
674 2216 708 2253 ἐς
733 2216 852 2254 θυσίας
876 2217 926 2261 τῷ
947 2216 1107 2261 θεηκόλῳ
1133 2228 1169 2249 τε
1195 2217 1231 2253 ὃς
1258 2216 1311 2249 ἐπὶ
1338 2215 1419 2261 μηνὶ
1443 2215 1576 2260 ἑκάστῳ
1601 2216 1661 2261 τὴν
1678 2215 1779 2260 τιμὴν

193 2274 276 2321 ἔχει,
302 2274 361 2308 καὶ
387 2275 523 2319 μάντεσι
547 2274 605 2307 καὶ
629 2274 888 2321 σπονδοφόροις,
914 2274 963 2308 ἔτι
988 2274 1025 2307 δὲ
1051 2274 1198 2320 ἐξηγητῇ
1223 2286 1260 2306 τε
1285 2274 1343 2307 ’καὶ
1368 2273 1503 2320 αὐλητῇ
1527 2273 1584 2306 ’καὶ
1607 2274 1654 2319 τῷ
1676 2271 1780 2311 ξυλεῖ.

191 2331 270 2366 Sed
302 2341 381 2366 non
415 2331 499 2366 sola
523 2331 591 2365 illa
615 2332 814 2365 menstrua
839 2341 951 2366 sacra
976 2330 1014 2365 in
1039 2331 1097 2364 his
1123 2330 1265 2365 tabulis
1289 2330 1426 2374 respici
1450 2329 1698 2365 manifestum
1724 2331 1783 2364 est

193 2390 282 2432 (not.
301 2389 356 2423 11.
375 2389 442 2431 13).
541 2390 566 2422 2
592 2387 832 2423 Vocabulum
858 2390 1012 2432 praeter
1035 2389 1108 2423 has
1125 2389 1292 2432 tabulas,
1317 2388 1382 2422 ubi
1401 2387 1597 2432 genetivus
1613 2386 1780 2431 volgaris

194 2447 432 2493 μετεκεχείρου
452 2448 488 2481 et
502 2446 616 2480 Eleus
635 2446 868 2492 μετεκεχήρω,
887 2446 1009 2480 rarius
1029 2446 1255 2492 μετεκεχείρω
1276 2448 1343 2480 aut
1359 2446 1592 2492 μετεκεχήρου
1607 2443 1779 2487 occurrit,

196 2514 386 2548 nusquam
415 2505 604 2548 repertum
639 2503 720 2537 sine
751 2502 864 2537 dubio
895 2502 1058 2546 spatium
1091 2504 1190 2538 inter
1221 2503 1318 2538 duas
1349 2503 1537 2549 ἐκεχειρίας
1564 2501 1782 2546 Olympicas

195 2560 397 2604 significat.
492 2563 516 2595 3
543 2562 583 2596 A.
599 2561 643 2595 24
662 2572 694 2596 a.
710 2560 793 2595 Chr.
888 2563 914 2594 4
940 2560 1001 2594 Sic
1027 2563 1252 2595 constanter
1269 2560 1448 2596 scribitur
1465 2561 1618 2604 praeter
1635 2560 1779 2594 Inschr.

198 2616 359 2659 01.1232
383 2618 448 2653 ubi
473 2618 638 2664 θεηκόλοι
664 2620 721 2652 est
746 2620 788 2652 ut.
813 2617 916 2661 apud
933 2618 1185 2652 Pausaniam.
1227 2618 1413 2653 Omnibus
1431 2616 1664 2661 temporibus
1683 2615 1780 2651 terni

198 2677 303 2718 sunt;
329 2676 430 2719 quod
453 2676 648 2721 periegeta
673 2675 783 2710 unius
809 2675 924 2709 modo
949 2675 1185 2710 mentionem
1204 2675 1306 2719 facit,
1332 2675 1369 2710 id
1386 2676 1467 2720 ipse
1486 2675 1650 2719 explicat
1667 2674 1778 2718 signi-

198 2731 320 2767 ficans
351 2743 416 2776 per
445 2734 616 2777 singulos
650 2743 802 2768 menses
836 2732 1004 2767 officium
1037 2742 1149 2767 sacra
1182 2733 1426 2778 perpetrandi
1457 2733 1497 2767 in
1529 2733 1659 2766 orbem
1691 2731 1781 2766 iisse

197 2788 295 2822 inter
319 2790 496 2834 collegas.
632 2793 657 2824 5
689 2790 816 2835 Siglae
842 2788 1061 2824 nominibus
1088 2791 1286 2834 appositae
1311 2790 1478 2825 incertas
1503 2788 1689 2834 quasdam
1714 2798 1780 2832 po-

198 2845 275 2889 puli
292 2845 468 2880 Eleorum
493 2847 696 2882 divisiones
722 2852 809 2889 (non
838 2847 967 2890 tribus,
995 2857 1155 2891 quorum
1180 2858 1362 2882 numerus
1386 2850 1477 2882 tune
1503 2846 1634 2880 decem
1657 2844 1780 2887 fuerit,

199 2913 286 2936 cum
324 2904 625 2947 quattuordecim
659 2905 779 2948 siglae
811 2904 1073 2938 inveniantur:
1107 2904 1247 2939 Szanto
1273 2905 1385 2948 Ausg.
1405 2904 1499 2938 Abh.
1519 2902 1633 2945 24877)
1666 2901 1782 2946 signi-

198 2959 325 2995 ficant.

1693 3073 1778 3116 167
